3324 5298
387 493 447 561 256
749 487 916 550 RlCHERl
939 487 1019 548 LlB.
1044 489 1097 548 lv.

387 654 406 692 «
427 617 634 712 Quomodo,
651 647 668 688 u
683 620 812 717 inquit,
822 650 840 690 «
850 619 984 718 absque
995 637 1143 721 peccato
1157 635 1193 693 et
1205 620 1383 696 dedecore
1393 624 1463 698 hec

388 771 405 809 a
428 727 505 812 fieri
529 763 636 838 posse
648 831 650 840 γ
662 737 834 811 confidis?
852 765 870 805 u
897 743 941 811 Et
961 739 1027 811 iste
1050 739 1195 836 inquit:
1227 739 1302 810 «Si
1323 754 1462 812 tecum

388 888 406 926 u
427 871 543 929 castro
566 856 687 928 Odoni
701 855 858 946 confers,
873 855 1045 954 quicquid
1057 835 1206 929 ¹sceleris
1218 856 1320 931 nasci
1336 871 1458 956 putas,

389 1000 552 1048 «meum
577 971 655 1065 fiat,
680 999 803 1046 meum
829 973 979 1045 dicatur.
1009 971 1136 1046 Poenas
1168 972 1253 1044 inde
1276 971 1399 1063 luam,
1428 989 1463 1045 et

389 1120 407 1160 a
429 1115 576 1163 summae
593 1083 777 1161 Divinitati
800 1089 977 1160 rationem
997 1085 1159 1160 reddam.
1187 1085 1342 1160 Consule
1360 1087 1465 1160 nobi-

389 1235 407 1274 «
428 1205 518 1278 litati
548 1221 628 1278 tuae.
663 1210 734 1290 Fae
761 1219 904 1276 tuarum
928 1228 1049 1276 rerum
1076 1216 1321 1299 augmentum.
1353 1208 1464 1276 Instat

389 1353 407 1390 κ
429 1338 581 1420 tempus.
603 1320 836 1420 Oportunitas
858 1319 897 1390 id
916 1317 1061 1410 suadet,
1086 1341 1170 1389 cum
1193 1318 1392 1417 inpotentia
1409 1341 1463 1388 re·

389 1467 408 1507 a
429 1435 563 1534 gnandi
575 1460 638 1507 rex
655 1436 700 1506 sit
711 1434 901 1532 inglorius,
916 1449 952 1506 et
965 1433 1134 1505 Odonem
1151 1433 1359 1531 prosperior
1376 1457 1463 1504 sem·

390 1583 409 1622 u
428 1578 495 1653 per
519 1567 687 1650 sequatur
700 1575 913 1623 «successus.
939 1578 957 1617 »
980 1549 1043 1624 Ille
1062 1575 1183 1621 rerum
1208 1550 1463 1648 promissarum

387 1669 559 1788 cupidus,
581 1682 844 1741 sacramentum
868 1668 968 1765 petit.
986 1651 1055 1740 Iste
1068 1667 1170 1762 facit,
1188 1682 1225 1740 et
1242 1692 1311 1766 pro
1324 1666 1464 1764 agendo

386 1786 532 1884 negotio
552 1784 694 1858 obsides
714 1784 843 1881 querit.
861 1782 922 1855 Ille
940 1783 1094 1855 multum
1115 1783 1293 1856 honorem
1315 1809 1392 1856 sese
1402 1781 1464 1854 ha-

386 1902 547 1984 biturum
564 1887 755 1991 arbitrans,
768 1899 911 1972 obsides
932 1899 1018 1971 dare
1038 1924 1113 1971 non
1125 1899 1272 1972 distulit.
1289 1903 1390 1987 Quos
1400 1899 1464 1970 iste

316 2069 318 2076 ι
388 2035 566 2119 receptos,
584 2018 736 2089 domum
753 2018 873 2108 duxit,
896 2031 931 2088 et
953 2014 1075 2088 Odoni
1093 2017 1216 2088 omnia
1236 2016 1313 2090 hmo
1329 2015 1461 2088 retulit.

569 2187 695 2242 LXXVI.
706 2217 744 2230 -
751 2188 875 2244 Pervasio
886 2188 904 2224 ¹*
915 2187 1044 2241 Miliduni
1054 2188 1072 2224 ¹
1087 2189 1121 2240 ab
1133 2130 1229 2242 Odone
1240 2188 1267 2244 *.

437 2307 559 2382 Odoni
584 2311 767 2414 itaqueut
798 2307 922 2406 coeptis
950 2309 1057 2379 instet
1086 2309 1224 2380 suadet.
1254 2312 1393 2380 Interea
1420 2309 1465 2380 ab

389 2428 519 2500 Odone
530 2428 641 2526 copiae
655 2425 748 2499 clam
765 2441 948 2524 parantur,
970 2439 1010 2497 ut
1023 2441 1180 2498 castrum
1202 2426 1418 2523 ingrediatur
1430 2441 1465 2497 et

381 2544 560 2642 optineat.
578 2543 712 2613 Paratis
724 2554 857 2631 autem,
870 2542 1032 2639 tempore
1048 2555 1179 2612 statuto
1191 2565 1385 2638 aggressus,
1404 2565 1464 2638 ap·

388 2661 477 2760 petit
495 2674 530 2730 et
543 2657 752 2756 ingreditur.
768 2656 993 2731 Prnditorem
1002 2656 1168 2729 simulato
1182 2657 1301 2730 furore
1315 2658 1461 2745 invadit,

389 2791 425 2848 et
437 2775 571 2846 carceri
591 2774 783 2870 mancipat.
800 2773 872 2859 Qui
884 2797 960 2844 non
980 2772 1094 2843 multo
1108 2788 1191 2871 post
1203 2798 1344 2844 carcere
1360 2773 1464 2844 emis·

388 2919 466 2982 sus,
483 2905 704 2964 sacramento
719 2877 841 2962 coram
860 2889 970 2963 fidem
990 2885 1089 2980 facil,
1115 2905 1151 2962 et
1171 2892 1299 2963 exinde
1313 2890 1360 2972 ad
1378 2892 1462 2963 resi·

387 3007 555 3082 standum
568 3031 653 3078 cum
666 3005 797 3078 Odone
814 3031 890 3078 sese
903 3021 1016 3106 parat.
1032 3010 1120 3093 Quae
1136 3006 1258 3078 omnia
1271 3006 1318 3078 ad
1338 3031 1462 3103 regum

389 3148 492 3196 aures
511 3147 597 3194 mox
615 3121 733 3214 delata
753 3122 925 3194 feruntur.
949 3124 1060 3220 Reges
1078 3121 1125 3193 de
1147 3123 1251 3196 castri
1275 3122 1462 3193 amissione

389 3231 578 3332 commoti,
611 3240 649 3311 in
674 3240 795 3312 hostes
821 3239 949 3312 milites
980 3255 1123 3338 parant3
1151 3254 1394 3339 proponentes
1417 3239 1462 3311 ab

296 3401 301 3412 =
388 3358 575 3431 obsidione
588 3380 664 3427 non
678 3381 754 3428 sese
766 3356 1001 3447 discessuros,
1018 3356 1137 3430 donec
1148 3373 1209 3429 aut
1222 3372 1459 3456 expugnatum

388 3477 575 3573 recipiant,
597 3489 677 3564 aut,
706 3475 736 3545 si
754 3499 809 3546 res
828 3491 1012 3573 exposcat,
1040 3501 1124 3548 cum
1141 3475 1244 3547 hoste
1261 3475 1460 3547 comminus

388 3591 480 3662 vires
493 3604 529 3660 et
545 3613 643 3661 mma
661 3589 860 3662 conferant.
1247 3668 1251 3701 ‹

554 3766 695 3819 LXXVII.
707 3769 875 3850 7-Accessus
883 3767 914 3802 Ἠ
926 3785 1018 3838 regum
1029 3766 1290 3828 ad,Mi1idunum**.

436 3883 569 3954 Paratis
596 3883 715 3978 itaque
746 3883 880 3981 copiis,
913 3898 1156 3982 expugnatum
1190 3881 1378 3954 accedunt.
1419 3885 1459 3951 Et
1486 3961 1493 3972 ,

386 3999 470 4097 quia
488 4014 645 4070 castrum
662 3999 932 4071 circumfluente
955 4003 1119 4097 Sequana
1139 3997 1373 4086 ambiebatur,
1395 3997 1458 4094 ipsi

420 4156 436 4190 ἦ
456 4155 542 4219 vasio,
555 4153 598 4219 ni,
611 4152 715 4206 abscisa.

422 4239 454 4275 ³¹*
471 4259 527 4304 sus,
541 4238 574 4291 ad
589 4239 647 4290 Mili
661 4240 764 4290 abscisa.
