3308 5286
370 450 411 532 ct
736 469 904 539 arcuum
926 471 1002 536 uu
1027 471 1087 532 ιιι.

305 1231 308 1236 Ι
370 1145 491 1209 avt-—
454 1145 601 1221 Figura
609 1147 979 1220 Gerberuphtlosophrcaper
987 1134 1290 1220 malivolosdepravata
1306 1149 1339 1201 ab
1354 1109 1447 1201 Otrieo

795 1237 1015 1342 reprehenditur

418 1377 560 1448 Etenim
578 1389 662 1450 oum
682 1363 941 1484 mathematicae
961 1347 1097 1478 phisica
1116 1402 1194 1479 par,
1210 1393 1317 1476 atque
1331 1395 1450 1452 coaeva

368 1519 390 1566 a
408 1495 583 1568 Gerberto
601 1498 725 1629 posita·
736 1498 871 1589 fuisset,
890 1497 935 1568 ab
953 1497 1032 1568 hoc
1043 1495 1302 1569 mathematicae
1322 1495 1449 1568 eadem

368 1609 505 1710 phisica
536 1629 576 1684 ut
607 1611 728 1710 generi
757 1615 893 1714 species
925 1613 1067 1684 subdita
1095 1629 1168 1705 est,
1202 1615 1449 1712 incertumque

363 1734 490 1805 ‚utrum
510 1730 684 1805 industria
703 1756 750 1802 an
773 1755 894 1802 errore
915 1730 953 1801 id
974 1725 1109 1801 lactum
1132 1731 1188 1801 sit
1217 1731 1392 1827 Sisque
1366 1753 1450 1802 oum
1566 1758 1569 1769 ¹

368 1843 556 1945 multiplici
590 1846 828 1918 divesarum
842 1871 964 1918 rerum
997 1844 1265 1936 distributione,
1304 1847 1448 1918 Octrico

369 1962 483 2060 figura
500 1955 618 2046 delata
636 1977 701 2036 est
728 1963 873 2050 Quam
864 1988 938 2069 lpse
956 1960 1222 2060 diligentissime
1241 1963 1446 2058 revolvens,

369 2079 582 2152 Gerbertum
595 2077 687 2168 male
702 2055 859 2151 divisisse
878 2074 977 2211 apud
988 2104 1071 2150 suos
1081 2073 1385 2171 calumniabatur,
1406 2107 1449 2153 eo

368 2189 514 2296 quod
480 2167 639 2272 duarum
654 2195 844 2326 aequalium
861 2197 1073 2292 specierum,
1083 2187 1195 2269 alteri
1210 2197 1357 2268 alteram
1369 2197 1450 2278 sub-

368 2305 527 2400 stitutam
542 2327 582 2382 ut
600 2312 720 2409 generi
737 2313 892 2409 speciem
913 2311 1027 2409 figura
1044 2314 1295 2387 mentiebatur.
1318 2319 1367 2386 Ac
1385 2340 1451 2414 per

367 2429 439 2526 boc
456 2428 545 2500 nibil
560 2454 645 2500 eum
659 2426 896 2525 philosophiae
909 2429 1110 2540 percepisse
1130 2429 1299 2500 audacter
1315 2429 1449 2504 astruc-

360 2545 440 2618 Ιιιιιι.
459 2544 623 2642 illudque
638 2569 723 2614 eum
740 2545 884 2640 penitus
900 2545 1064 2641 ignorare
1080 2532 1261 2637 dicebat,
1252 2571 1288 2618 m
1302 2573 1376 2644 quo
1395 2547 1449 2619 di·

367 2664 451 2734 vina
468 2677 505 2734 et
518 2662 687 2732 humana
705 2662 917 2750 consistunt,
938 2664 1015 2732 sine
1032 2662 1162 2758 quibus
1175 2665 1282 2734 etiam
1293 2658 1387 2768 nulli
1406 2665 1451 2736 sit

367 2776 710 2876 philosophandum.
740 2776 834 2848 Tulit
865 2759 1004 2875 itaqite.
1004 2779 1063 2850 ad
1093 2778 1267 2913 palatium
1298 2761 1449 2880 liguram

367 2895 574 2988 eandem,
555 2907 603 2965 et
608 2897 731 2964 coram
750 2895 883 2982 Ottone
904 2911 1065 2992 augusto
1079 2894 1120 2967 iis
1139 2899 1201 2995 qui
1219 2899 1451 3031 sapientiores

366 2979 583 3105 videbantur
603 3034 683 3080 eam
686 3005 910 3108 explicavit
919 3011 1095 3109 Augustus
1112 3038 1198 3085 vero
1218 3037 1302 3088 oum
1321 3016 1449 3124 etipse

367 3127 493 3200 talium
516 3125 796 3198 studiosissimus
812 3125 1021 3226 haberetur,
1038 3155 1085 3201 au
1100 3131 1294 3228 Gerbertus
1309 3119 1448 3227 errares

367 3246 413 3316 rit
437 3243 695 3330 admirabatur.
726 3242 872 3316 Viderat
891 3247 1024 3318 etenim
1048 3247 1162 3336 ιιιιιιιι,
1187 3262 1223 3318 et
1246 3273 1323 3319 non
1339 3223 1449 3324 semel
1510 3285 1513 3290 ·

367 3363 611 3460 disputantem
635 3362 808 3458 audierat.
831 3337 989 3437 undeet
1010 3364 1055 3435 ab
1072 3390 1116 3436 eo
1134 3363 1312 3464 praedictae
1335 3363 1449 3462 figure

368 3479 584 3553 solutionem
593 3476 1006 3582 fieririimium'optabat.
1023 3487 1095 3584 Neo
1108 3481 1219 3587 detuit
1225 3483 1282 3556 rei
1291 3473 1444 3566 occasio.

775 3734 778 3741 '
865 3711 958 3776 LVII.
1045 3735 1047 3740 ’

412 3865 508 3938 Nam
539 3855 765 3938 venerandus
792 3860 990 3935 Remorum
1019 3833 1315 3970 metropolitanus
1338 3863 1449 3936 Adel·

368 3979 470 4083 bero,
490 3993 574 4076 post
588 3979 745 4052 eundem
762 3991 899 4057 artuum
921 3984 1073 4052 Romam
1092 4007 1176 4055 cum
1193 3973 1368 4055 Gerhert’o
1385 4005 1449 4079 pe·

370 4079 489 4188 tebet,
485 4121 549 4166 ao
563 4096 676 4168 Ticini
700 4111 890 4194 augustum
910 4121 994 4168 cum
1009 4098 1132 4173 Otrioo
1132 4099 1318 4199 repperit.
1332 4095 1449 4194 itque

367 4216 476 4287 etiam
500 4179 686 4312 magnilica
709 4231 877 4312 exceptus
902 4231 971 4308 est,
1000 4213 1221 4315 ductusque
1221 4243 1287 4316 per
1311 4213 1450 4287 Padum
