3320 5296
362 534 424 594 200
715 529 883 592 lllGlllllll
899 529 974 592 LlB.
997 531 1051 591 tv.

364 666 548 734 «meanto
568 662 674 736 nimis
702 660 997 762 metropolitano,
1028 659 1266 760 prejuditium
1294 660 1426 748 lactum

366 801 574 870 «asseram
599 794 634 852 et
652 779 752 876 quod
774 781 915 878 penitus
937 777 1008 849 hoc
1029 776 1342 877 metropolitanum
1363 801 1428 874 pe·

365 925 384 968 a
405 896 529 986 niteat,
550 894 731 967 nonnullis
754 894 1085 993 amplificationibus
1106 893 1326 967 asseverabo.
1355 898 1429 966 Rex

367 1037 386 1086 u
406 1027 528 1111 suapte
548 1011 636 1083 mihi
654 1010 841 1101 credulus,
859 1005 934 1082 hoc
953 1011 1189 1108 gratissimum
1204 1011 1362 1110 accipiet.
1385 1014 1429 1082 Et

334 1182 336 1188 .
367 1156 385 1208 a
406 1129 489 1224 quia
510 1127 586 1200 haec
613 1129 704 1199 ratio
729 1127 907 1222 utrimque
927 1126 1124 1224 agitabitur,
1144 1127 1218 1199 duo
1238 1127 1430 1198 commoda

367 1272 386 1312 κ
406 1244 605 1340 gignentur.
617 1247 669 1314 Ex
686 1241 814 1340 quibus
834 1225 976 1313 duobus
993 1243 1134 1315 tertium
1149 1242 1321 1314 elucebit:
1339 1247 1429 1312 Nam

367 1388 386 1427 α
407 1384 490 1430 cum
512 1373 548 1440 et
566 1357 667 1430 vobis
686 1359 796 1454 gratia
813 1382 954 1453 regum,
970 1372 1007 1429 et
1017 1358 1104 1429 mihi
1114 1356 1236 1429 llaroli
1245 1357 1427 1445 reddetur,

367 1504 385 1542 κ
405 1499 471 1574 per
487 1498 556 1550 nos
568 1487 828 1574 consequenter
842 1472 994 1544 aliorum
1003 1470 1133 1544 utilitas
1151 1472 1426 1572 comparabitur.

369 1617 388 1658 a
408 1589 478 1662 Sed
493 1589 553 1661 hic
565 1589 641 1686 jam
652 1587 856 1660 verborum·
869 1586 968 1678 bnis,
992 1587 1068 1684 jam
1091 1612 1188 1659 nunc
1214 1587 1307 1661 dicta
1332 1587 1434 1661 lactis

368 1736 387 1775 rt
407 1706 617 1807 probentur.
638 1734 657 1773 n
689 1704 869 1802 Datisque
893 1705 1041 1780 sttlclim
1070 1704 1224 1795 osculi&
1260 1707 1436 1806 promissa,

367 1823 517 1941 polliciti
534 1824 579 1895 ab
592 1848 631 1896 se
648 1821 795 1920 digressi
808 1835 891 1893 sunt
905 1821 932 1892 ⁴.

401 2026 505 2083 XLIII.
514 2026 707 2081 -Arnulfus‘
718 2043 767 2098 per
778 2023 977 2096 ignorabam*
991 2025 1121 2080 Karclum
1131 2025 1279 2098 pomum*
1290 2025 1401 2080 seducit.

418 2188 584 2262 Arnulfus
600 2187 771 2262 Karclum
790 2202 932 2287 petens,
956 2187 1216 2262 Adalberonem
1235 2189 1437 2288 magnificat

369 2300 598 2399 deceptorem
614 2300 793 2390 nesciens,
811 2299 914 2372 valde
929 2300 1036 2372 etiam
1050 2301 1276 2399 profuturnm
1298 2302 1432 2392 asserit,

368 2415 549 2515 fidemque
566 2431 787 2490 servanurum
806 2430 964 2488 testatur.
979 2415 1136 2488 Tandem
1148 2417 1186 2488 in
1205 2442 1249 2489 eo
1265 2417 1316 2490 nil
1333 2417 1440 2490 dubi-.

369 2533 520 2605 tandum
547 2532 714 2616 seductus
740 2532 942 2630 persuadet.
970 2532 1121 2604 Karclus
1136 2529 1268 2633 'nepoti
1289 2533 1432 2626 favens,

369 2673 446 2723 sese
462 2649 501 2736 id
518 2647 694 2722 facturum
707 2649 878 2748 spondet,
892 2649 1138 2750 episcopatum
1150 2651 1203 2722 sic
1213 2650 1439 2732 redditurum

370 2791 445 2839 non
465 2766 600 2838 abnuit.
623 2770 720 2837 Dum
737 2766 813 2838 baec
831 2767 927 2866 apud
944 2767 1116 2839 Karclum
1130 2766 1281 2840 fideliter
1298 2767 1441 2842 ordina-

370 2883 514 2972 bantur,
545 2881 721 2955 Adalbero
750 2882 847 2981 apud
869 2907 990 2980 regem
1006 2882 1058 2955 de
1083 2883 1214 2956 llarolo
1238 2899 1273 2957 et
1297 2883 1445 2958 Arnullo

372 2998 543 3096 urbisque
552 2999 716 3097 captione
733 2998 923 3096 quaerebat.
940 3001 985 3070 Et
1003 3024 1087 3070 cum
1102 3013 1222 3072 tecnas
1244 3003 1447 3100 superiores

372 3115 571 3190 effunderet
585 3114 615 3207 ²,
636 3114 825 3214 gratulatio
844 3114 978 3188 inde
949 3140 1100 3215 spesque
1121 3115 1219 3187 urbis
1240 3117 1443 3217 repetendae

371 3257 445 3318 non
467 3220 610 3304 modica
626 3246 713 3304 erat
732 3233 804 3304 Nec
817 3229 930 3303 multo
943 3245 1025 3330 post
1041 3230 1205 3303 Arnullus
1227 3231 1440 3305 Adalbercni

371 3355 505 3454 legatos
524 3354 659 3454 dirigit,
680 3353 799 3427 Karoli
818 3353 966 3452 gratiam
983 3353 1050 3425 sibi
1063 3352 1236 3426 indultam
1250 3353 1439 3428 liberaliter

373 3477 525 3570 indicat,
548 3491 656 3576 atque
677 3499 761 3558 cum
774 3474 886 3548 multa
909 3473 1103 3548 ambitione
1125 3475 1374 3575 excipiendum
1399 3476 1439 3548 in

372 3592 518 3684 urbem,
543 3592 723 3665 bonorem
747 3615 892 3698 quoque
911 3589 1045 3689 absque
1071 3615 1172 3663 mora
1197 3606 1436 3691 recepturum.

374 3710 479 3784 Unde
492 3734 560 3782 nec
571 3735 690 3786 moras
704 3709 850 3799 laceret,
865 3708 930 3781 sed
942 3709 1147 3807 quantotius
1160 3708 1357 3802 adveniret,
1373 3709 1442 3784 lar-

376 3829 519 3926 gitatem
530 3826 725 3927 pollicitam
737 3841 959 3926 experturus..

410 4089 427 4126 ¹*
442 4089 567 4144 Amulius
576 4128 584 4155 ‚
597 4107 660 4153 ran,
672 4105 708 4160 pa
718 4086 822 4138 abscisa.

414 4173 422 4206 ¹
441 4174 618 4227 abmesurunt
627 4171 792 4245 supraposito
802 4169 837 4222 ab
847 4186 875 4222 se
885 4166 994 4240 digreni
1003 4180 1064 4226 sunt
1074 4163 1162 4230 codex,

409 4258 423 4288 ¹
440 4255 553 4328 aperiret
562 4257 728 4330 supraposito
738 4252 893 4316 effunderet.
909 4252 996 4308 coda,
