3320 5296
395 525 452 583 180
747 513 910 588 tttcrtEnt
935 516 1009 578 LIB.
1034 511 1087 575 lv.
1202 577 1204 582 ,

391 687 408 724 u
430 649 591 728 suadent.
611 649 842 723 Conferamus
859 652 1037 748 utrimque
1060 651 1225 722 rationes.
1246 651 1348 724 Dicat
1371 643 1458 749 quid

391 799 409 838 u
428 771 580 870 quisque
591 769 711 867 potius
724 768 873 864 cogitet5
889 765 976 863 quid
989 767 1233 865 potissimum,
1249 792 1296 838 ne
1309 765 1458 840 abscon-

390 916 408 956 «
429 889 508 977 dat3
525 902 565 959 ut
578 901 613 958 et
626 911 668 957 ex
680 884 833 958 honesto
851 885 961 982 gloria
974 886 1019 956 sit
1031 885 1251 974 communis,
1272 900 1307 957 et
1319 909 1362 958 ex
1374 909 1456 983 per-

387 1035 405 1073 «
425 1006 510 1077 uitie
523 1002 793 1075 incommodum
811 1026 911 1099 aeque
923 1001 1111 1099 patiamur.
1129 1028 1148 1067 u

673 1199 855 1252 xxvn1.-
869 1198 1005 1252 Promotio
1020 1198 1124 1256 Arnulfi
1135 1199 1161 1251 *.

428 1331 500 1409 Rex
514 1337 646 1407 civium
666 1334 879 1405 senteutiam
903 1332 1097 1430 approbat,
1117 1349 1159 1405 ut
1178 1358 1301 1408 coram
1319 1336 1452 1410 delibe-

377 1467 457 1525 rent
471 1452 584 1550 jubet.
611 1452 777 1522 Rationes
798 1473 921 1521 coram
946 1447 1123 1548 dispositae
1142 1468 1235 1523 sunt.
1266 1453 1452 1525 Arnulfum

376 1572 496 1666 itaque
517 1567 663 1666 siquod
682 1565 836 1665 spondet
854 1565 975 1656 faciat,
993 1565 1142 1664 dignum
1166 1594 1308 1640 summo
1336 1596 1451 1642 sacer-

375 1685 475 1758 dotio
494 1699 667 1757 asserunt.
689 1689 812 1780 ltaque
828 1699 997 1774 vocatus,
1021 1698 1057 1756 et
1075 1698 1157 1755 aute
1175 1709 1295 1782 regem
1319 1686 1451 1758 admis-

325 1786 327 1792 ¹
374 1829 434 1873 sus
452 1816 516 1873 est.
538 1802 609 1888 Qui
626 1801 673 1872 de
692 1799 763 1871 frde
789 1798 956 1871 habenda
983 1825 1065 1897 erga
1090 1825 1210 1897 regern
1233 1801 1447 1890 sciscitatus,

374 1918 421 1990 ad
445 1918 608 1989 omnium
626 1931 709 1988 vota
732 1915 993 1988 modestissime
1017 1915 1213 2014 respoudit.
1246 1915 1300 1987 Ad
1327 1942 1449 1988 coeno—

371 2033 473 2104 bium
487 2023 571 2131 ergo
592 2032 853 2104 monachorum
868 2031 981 2103 sancti
995 2032 1156 2128 Remigii,
1172 2031 1272 2128 quod
1292 2031 1338 2103 ab
1358 2033 1449 2106 urbe

371 2175 445 2222 uno
459 2149 610 2220 miliario
626 2149 733 2218 situm
754 2163 823 2236 est,
839 2146 903 2218 ubi
925 2146 1103 2218 ordinatio
1129 2149 1380 2247 episcoporum
1404 2175 1448 2221 ex

372 2266 519 2362 antiquo
538 2262 706 2335 habenda
732 2277 801 2352 est,
830 2287 851 2333 a
873 2287 955 2360 rege
982 2277 1018 2334 et
1038 2262 1248 2360 primatibus
1272 2264 1448 2338 deductus

372 2399 436 2454 est.
459 2381 528 2452 Ubi
541 2406 604 2452 rex
617 2405 701 2452 curn
720 2405 868 2451 suorum
882 2379 1021 2451 medius
1034 2379 1224 2471 resideret,
1240 2396 1322 2479 post
1335 2385 1451 2454 consi-

371 2499 417 2570 lia
435 2498 533 2597 apud
546 2521 630 2569 suos
643 2496 808 2568 secessim
825 2495 966 2587 habita,
987 2494 1124 2568 liberali
1144 2496 1286 2593 eloquio
1301 2499 1350 2570 sic
1363 2499 1448 2570 affa-

370 2631 427 2686 tus
438 2629 517 2686 =est:
538 2644 555 2681 ι(
569 2614 667 2684 Divae
680 2612 885 2684 memoriae⁴
905 2611 1086 2684 Ludovico
1106 2612 1264 2685 Lotharii
1276 2611 1349 2686 filio
1368 2615 1448 2686 orbi

373 2759 390 2798 ι(
412 2728 593 2801 subtracto
606 2781 615 2817 ‚
630 2726 791 2827 siproles
804 2727 1053 2825 superfirisset,
1070 2753 1149 2799 eam
1163 2729 1230 2804 sibi
1242 2731 1449 2802 successisse

372 2875 389 2914 u
412 2846 561 2943 dignum
574 2844 677 2915 foret.
694 2845 786 2931 Quia
806 2868 891 2915 vero
909 2846 1012 2941 regiae
1033 2847 1253 2941 generationi
1273 2849 1448 2919 successio

372 2993 391 3031 α
411 2962 511 3034 nulla
531 2977 602 3052 est,
625 2959 733 3057 idque
758 2959 925 3034 omnibus
939 2962 988 3034 ita
1007 2962 1082 3034 fore
1095 2977 1212 3062 patet,
1227 2965 1335 3036 vestri
1348 2979 1449 3036 caete·

374 3103 607 3175 urorumque
631 3078 856 3176 principum,
874 3103 1001 3150 eorum
1025 3080 1133 3151 etiam
1155 3081 1219 3176 qui
1243 3081 1281 3152 in
1305 3080 1449 3152 militari

373 3225 391 3264 u
412 3193 539 3266 ordine
551 3195 709 3292 potiores
723 3208 823 3265 erant
837 3195 984 3293 optione
1003 3209 1220 3292 assumptus,
1237 3197 1445 3294 praemineo,

373 3340 391 3380 u
414 3315 515 3383 Nunc
533 3334 619 3381 vero
639 3311 810 3407 quoniam
833 3334 877 3381 ex
902 3310 995 3381 linea
1009 3310 1116 3408 regali
1135 3310 1194 3382 hic
1215 3311 1313 3384 unde
1329 3333 1448 3384 sermo

372 3457 389 3494 u
412 3441 464 3499 est
477 3427 573 3499 solus
585 3426 772 3525 superfuit,
795 3451 843 3497 ne
858 3427 948 3499 tanti
959 3427 1069 3525 patris
1082 3427 1348 3501 nomen-adhuc
1361 3427 1449 3501 obli·

372 3571 390 3612 «
411 3546 517 3616 vione
543 3543 710 3635 fuscetur,
734 3543 832 3615 huuc
852 3544 1075 3642 superstitem
1098 3543 1245 3640 alicujus
1269 3544 1450 3642 dignitatis

371 3689 390 3730 u
411 3661 550 3732 honore
571 3660 824 3760 expoposcistis
844 3659 982 3731 donari.
1005 3661 1042 3730 Si
1063 3684 1147 3758 ergo
1165 3658 1251 3731 fidei
1268 3660 1449 3733 serrandae

372 3774 466 3872 «jus
488 3772 709 3875 polliceatur,
733 3774 831 3847 urbis
854 3773 1041 3846 tuitionem
1064 3773 1258 3874 spondeat,
1286 3775 1448 3848 hostibus

371 3924 389 3958 u
411 3893 519 3964 etiam
545 3892 582 3962 in
604 3892 704 3963 nullo
727 3918 803 3964 sese
829 3891 1199 3996 communicaturum,
1228 3893 1339 3964 immo
1367 3893 1447 3965 illos

371 4039 388 4070 u
411 4010 654 4109 impetiturum
676 4011 877 4108 promittat,
893 4009 999 4081 vestri
1015 4008 1134 4105 juditii
1154 4031 1303 4084 censura
1316 4036 1446 4083 conce·

401 4201 417 4234 *
437 4203 474 4252 Ar
486 4199 614 4254 abscisum.

402 4286 409 4316 ¹
428 4286 462 4336 D.
476 4279 521 4337 Μ(
