3320 5296
343 519 402 580 190
695 511 861 574 RlCHERl
878 513 955 576 tls.
979 515 1031 574 IV.

811 711 939 792 xxxvr.

391 860 717 958 Comprehensique
751 877 786 933 et
814 861 1025 934 Laudunurn
1059 859 1178 949 ducti,
1205 856 1411 930 custodibus

343 977 502 1076 deputati
531 991 626 1051 sunt.
660 978 791 1050 Karolo
813 979 985 1050 redeunte
1014 975 1175 1050 etfidem
1194 975 1308 1047 abeis
1327 999 1412 1071 que·

343 1107 465 1182 rente,
486 1092 700 1164 unanimiter
716 1091 947 1189 refragantur.
974 1091 1108 1162 Odium
1131 1113 1215 1186 ergo
1234 1089 1412 1185 utrimque

342 1208 529 1299 simulant;
562 1209 664 1307 pium
696 1208 862 1281 allectum
889 1207 990 1279 nullo
1021 1207 1132 1279 modo
1161 1205 1331 1304 produnt.
1359 1203 1413 1275 Ab

344 1340 497 1419 utroque
520 1322 744 1419 querimonia
768 1323 942 1395 nonnulla
970 1322 1212 1411 simulabatur,
1244 1346 1288 1393 ec
1314 1321 1414 1418 quod

343 1439 430 1510 alter
443 1436 617 1527 desertor,
643 1435 730 1508 alter
744 1438 887 1509 invasor
907 1438 1048 1510 alterius
1067 1439 1112 1510 ab
1131 1454 1282 1535 utroque
1303 1462 1414 1508 enun-

344 1554 490 1626 tiaretur
503 1552 531 1622 ⁴.
546 1551 704 1622 Tandem
716 1551 901 1623 Amullus²
914 1568 1133 1624 sacramento
1147 1550 1256 1624 fidem
1269 1545 1412 1642 faciens,

343 1668 504 1740 libertate
517 1668 650 1768 potitus
671 1682 775 1740 estet
796 1667 843 1740 ad
862 1693 925 1741 sua
946 1694 1118 1742 reversus.
1142 1668 1273 1741 Karolo
1288 1664 1415 1742 exinde

344 1786 380 1856 in
402 1785 569 1856 omnibus
589 1785 690 1874 favit,
711 1785 770 1881 jus
792 1810 936 1883 quoque
954 1786 1054 1877 fidei,
1079 1781 1153 1884 regi
1176 1786 1412 1874 servandum,

345 1903 486 2001 penitus
501 1901 653 1999 abrupit.
671 1904 714 1972 G.
732 1915 767 1972 et
787 1906 831 1972 V.
855 1927 920 2000 per
941 1902 1016 1976 dies
1034 1903 1170 2000 aliquot
1191 1927 1330 1974 carcere
1354 1902 1415 1975 de·

344 2020 453 2107 trusi,
475 2043 549 2090 non
578 2016 691 2089 multo
705 2033 787 2115 post
804 2035 1025 2092 sacramento
1045 2020 1188 2110 astricti,
1208 2019 1322 2092 redire
1336 2045 1415 2119 per·

345 2137 442 2217 missi
475 2151 569 2207 sunt.
606 2134 757 2205 Karolus
795 2159 879 2232 ergo
918 2136 1008 2208 felici
1038 2162 1203 2209 successu
1240 2137 1411 2234 insignis,

345 2253 537 2326 Remorum
565 2250 791 2350 metropolim
817 2276 900 2323 eum
928 2254 1121 2343 Lauduno,
1144 2277 1186 2324 ae
1207 2254 1411 2346 Suesionis,

344 2393 537 2468 earumque
555 2367 696 2468 oppidis
715 2368 880 2467 optinuit.

610 2571 768 2642 'xxxvrn
781 2590 972 2662 -Impetus*
985 2591 1138 2663 nugonnr.
1158 2671 1160 2678 y

391 2749 464 2816 Nec
481 2741 593 2814 defuit
615 2743 676 2838 qui
696 2740 735 2813 id
752 2740 798 2813 ad
820 2743 911 2840 regis
933 2743 945 2780 ³
975 2768 1078 2816 aures
1097 2745 1305 2844 perferrent.
1335 2751 1414 2836 Qua

342 2887 405 2934 rex
427 2858 642 2942 contumelia
662 2858 885 2957 persuictus,
907 2857 1099 2955 quidinde
1123 2862 1301 2958 agendum
1323 2862 1414 2934 foret

341 2973 595 3049 sciscitabatur.
621 2972 873 3070 Comperitque
893 2997 968 3044 non
988 2974 1173 3071 precibus,
1199 3001 1274 3047 non
1292 2977 1410 3067 donis,

341 3090 561 3166 sedviribus
579 3105 614 3162 et
631 3089 738 3161 armis
757 3089 920 3160 invocata
933 3090 1121 3163 Divinitate
1134 3091 1206 3164 hoo
1226 3118 1301 3166 esse
1318 3093 1413 3166 labe-

235 3297 237 3302 Ι
341 3206 559 3280 sectandum.
576 3208 644 3276 Sex
661 3203 759 3276 milia
780 3204 900 3301 itaque
919 3205 1071 3278 militum
1089 3207 1241 3305 collegit,
1257 3210 1293 3280 in
1309 3210 1413 3283 tiran-

340 3350 429 3398 num
447 3324 499 3395 ire
517 3321 731 3420 disponens3
752 3319 976 3392 obsidionem
996 3322 1029 3392 ei
1048 3321 1218 3397 adhibere
1240 3327 1408 3424 cupiens,

338 3443 367 3513 si
381 3441 492 3538 eopiae
505 3438 571 3510 sibi
583 3435 774 3528 sufficiant3
787 3450 821 3507 et
832 3437 861 3506 si
875 3437 907 3508 ei
921 3436 1001 3508 felix
1013 3438 1105 3510 adsit
1121 3439 1273 3532 fortuna,
1287 3442 1411 3517 tandiu

339 3551 377 3622 id
390 3549 611 3621 committere
623 3546 767 3635 volens,
785 3544 902 3618 donec
915 3563 976 3619 aut
995 3549 1101 3621 armis
1114 3565 1176 3622 aut
1189 3551 1318 3624 inedia
1327 3554 1411 3626 hos-

341 3683 414 3739 tem
434 3664 638 3765 praecipitet.
667 3661 904 3734 Proficiscitur
928 3690 1012 3762 ergo
1033 3668 1266 3764 magnanimis
1287 3686 1323 3742 et
1344 3696 1410 3770 per

339 3799 470 3856 terram
489 3779 585 3853 unde
603 3804 785 3852 annonam
806 3780 927 3852 hostes
947 3783 1195 3880 asportabant,
1217 3789 1409 3860 exercitum

375 3996 392 4031 *
410 4007 466 4059 tus,
483 3993 523 4046 nis
536 3992 639 4044 abscisa.
656 3979 658 3986 ’

374 4081 382 4110 ¹
399 4076 586 4149 prediceretur
597 4093 671 4147 supra
676 4077 762 4146 posito
772 4077 953 4130 eurmtiaretur
964 4076 1052 4130 codex.

372 4165 385 4194 ¹
404 4162 540 4232 episcopus
551 4179 624 4231 supra
631 4160 715 4230 posito
728 4160 776 4210 Ar.
787 4159 873 4212 codex.

376 4248 388 4276 ³
398 4264 493 4315 regum
506 4247 670 4315 supraposito
684 4242 704 4294 is
717 4241 802 4295 codes.
