3324 5298
362 500 424 562 244
726 491 893 558 RICHERI
916 495 992 560 LlB.
1016 495 1071 558 IV.

359 632 604 707 defensionem
623 629 774 726 objecta.
800 635 896 703 Inter
917 655 996 727 quae
1020 645 1174 728 quatuor
1191 631 1433 732 principaliter

359 743 590 847 objiciebant3
605 745 747 818 aiebant
760 747 874 836 enim,
886 747 1048 844 inprimis
1062 772 1146 819 eum
1158 774 1229 820 suae
1243 749 1319 826 sedi
1330 751 1431 820 resti-

357 867 552 956 tuendum;
582 864 713 936 deinde
733 864 926 961 legitimam
951 865 984 935 ei
1010 865 1237 937 vocationem
1259 865 1430 938 adhiben-

358 977 460 1068 dam;
469 993 547 1048 tum
559 999 703 1072 quoque
718 977 880 1045 Romano
893 971 1054 1070 pontifici
1065 975 1103 1046 id
1113 975 1427 1066 innotescendum

358 1109 394 1166 et
406 1089 603 1192 postre'mo,
618 1090 798 1191 pontilicis
812 1091 963 1162 Romani
976 1092 1197 1183 auctoritate,
1217 1091 1430 1190 ingenerali

357 1210 486 1282 sinodo
512 1223 630 1281 totum
660 1207 797 1280 facinus
823 1207 1097 1279 discutiendum.
1132 1213 1210 1280 Hoc
1239 1210 1347 1281 ctiam
1375 1233 1430 1281 se·

337 1326 519 1397 ·cundum
537 1324 675 1397 divinas
697 1339 733 1396 et
749 1323 925 1396 humanas
942 1324 1054 1422 leges,
1077 1325 1352 1424 approbandum
1375 1349 1431 1398 as·

358 1442 534 1515 serebant.

611 1601 740 1654 LXVIII.
753 1629 789 1644 --
803 1601 976 1654 Infirmatio*
987 1601 1145 1656 defensionis
1151 1603 1177 1655 *.

407 1763 460 1836 Ab
479 1762 588 1837 altera
607 1789 693 1836 vero
711 1777 813 1863 parte
831 1787 1043 1862 responsum
1059 1779 1132 1856 est,
1153 1789 1237 1836 cum
1258 1765 1334 1836 sedi
1346 1767 1437 1863 pris-

356 1880 438 1956 tinae
455 1906 531 1953 non
545 1881 828 1972 restituendum,
853 1905 897 1954 co
912 1881 1013 1980 quod
1034 1881 1148 1982 culpis
1161 1882 1433 1955 evidentissimis

356 2028 377 2075 a
401 2001 577 2101 probabili
605 2018 811 2076 accusatore
840 2005 1024 2076 convictus
1032 1999 1046 2094 ',
1081 2004 1127 2076 ad
1154 2005 1292 2101 flagicia
1321 2007 1431 2104 magis

355 2143 514 2220 praeoeps
533 2144 643 2217 quam
663 2119 710 2192 ad
731 2120 915 2216 religionis
939 2120 1175 2196 honoremet
1200 2120 1432 2195 dominorum

356 2234 467 2309 fidem
484 2234 698 2312 commodus
710 2235 910 2328 videretur3
934 2261 1001 2317 nec
1015 2237 1092 2332 jam
1103 2237 1196 2309 ultra
1213 2262 1288 2310 esse
1301 2264 1432 2312 vocan-

356 2352 461 2446 dum,
483 2375 568 2454 cum
593 2367 675 2451 post
700 2351 915 2451 proditionis
935 2351 1049 2444 nefas,
1071 2377 1137 2452 per
1155 2379 1216 2426 sex
1239 2357 1431 2430 continuos

356 2496 497 2545 menses
509 2483 658 2544 vocatus
670 2469 788 2560 suerit,
806 2457 901 2541 etad
915 2470 1091 2541 rationem
1110 2470 1232 2543 venire
1244 2487 1430 2572 contemp·

357 2591 459 2680 serit3
485 2610 637 2660 romano
657 2609 746 2660 vero
767 2584 929 2686 pontifici
949 2584 1126 2658 notificari
1142 2605 1218 2658 non
1235 2613 1360 2687 posse,
1387 2615 1431 2662 eo

355 2707 456 2804 quod
480 2705 617 2778 itineris
640 2701 855 2794 difficultas,
882 2719 989 2800 atquc
1015 2704 1243 2776 inimicorum
1265 2707 1370 2780 minae
1395 2708 1433 2779 id

327 2815 329 2820 ’
354 2824 552 2925 plurimum
575 2819 824 2919 prohiberent;
845 2818 883 2890 id
900 2843 986 2892 vero
1001 2819 1141 2892 sceleris
1160 2821 1237 2916 jam
1259 2845 1334 2893 non
1356 2848 1432 2895 esse

355 2938 633 3028 discutiendum,
649 2960 734 3009 cum
746 2950 863 3009 totum
881 2951 1078 3027 constaret,
1097 2953 1285 3011 accusator
1297 2939 1432 3014 crimen

355 3057 575 3146 intenderet,
600 3071 642 3126 ac
667 3053 934 3126 firmamentum
958 3053 1143 3151 multiplex
1164 3051 1325 3145 afferrem
1351 3079 1432 3128 reus

354 3191 440 3247 vero
453 3173 640 3246 convictus
651 3170 702 3242 nil
715 3185 841 3243 contra
854 3169 998 3242 valeret.
1013 3171 1075 3241 His
1090 3171 1343 3269 episcoporum
1356 3197 1431 3246 sen·

356 3292 474 3364 tentiis
486 3289 598 3362 multa
610 3289 748 3360 tatione
761 3287 927 3384 prolatis,
942 3285 1146 3358 defensores
1159 3288 1303 3361 cedunt.

841 3508 940 3560 Lxlx.

404 3655 578 3753 Quibusa
595 3662 803 3734 defensione
815 3661 1046 3754 cessantibus,
1063 3662 1221 3760 episcopi
1232 3661 1320 3734 nihil
1332 3663 1428 3737 aliud

355 3802 557 3879 superesse,
573 3778 642 3848 nisi
655 3775 843 3862 Amulium
857 3778 894 3847 in
913 3775 1075 3848 medium
1098 3775 1326 3848 statuendum
1346 3803 1428 3851 cen·

354 3895 493 3988 sebant,
514 3909 556 3967 ut
567 3918 635 3994 pro
656 3919 786 3992 sequte
805 3893 911 3966 vellet
931 3892 1177 3995 responderet.
1195 3897 1347 3967 Vocatus
1365 3897 1428 3968 ita·

353 4041 425 4114 que
444 4015 482 4086 in
495 4011 891 4110 ordine'cpiscoporum
903 4010 1076 4085 consedit.
1098 4011 1163 4083 Cui
1176 4025 1367 4109 postquam
1382 4012 1427 4084 ab

384 4219 400 4254 ¹¹
418 4219 489 4285 nlir,
504 4218 622 4274 defensio
634 4217 738 4270 absciso.
