3308 5286
373 500 415 559 26
744 492 909 554 uteHE-ltl
932 491 1006 553 LlB.
1031 491 1090 552 111.

370 646 495 730 praeter
519 631 586 702 hos
613 630 675 725 qui
702 629 796 700 curis
820 652 946 700 eorum
972 624 1191 698 insistebant.
1221 631 1265 698 Et
1288 651 1334 697 ne
1360 627 1439 722 quis

370 775 434 847 per
472 747 708 846 ignorantiam
748 746 940 842 quicquam
970 743 1172 816 laciendum
1207 743 1436 840 relinqueret,

369 866 482 936 sancti
496 863 679 960 Augustini
693 863 853 934 instituta
866 875 1079 960 patrumque
1093 860 1236 932 decreta
1248 859 1378 931 cotidie
1391 860 1440 930 eis

370 979 552 1054 recitanda
570 980 707 1052 indixit.

743 1600 748 1608 ·
850 1579 938 1632 XXV.

417 1702 676 1775 Monachorum
701 1727 846 1800 quoque
871 1727 1006 1793 mores,
1032 1681 1167 1800 quanta
1190 1704 1379 1776 dilectione
1407 1723 1442 1778 ct

368 1820 541 1893 industria
563 1819 716 1892 conexit
739 1835 845 1916 atque
865 1845 887 1892 a
908 1820 1017 1892 seculi
1037 1820 1163 1892 habitu
1190 1820 1443 1913 distinxit‚sat

370 1937 488 2008 dicere
515 1960 591 2006 non
613 1950 679 2010 est.
709 1939 790 2005 Non
812 1935 937 2028 solum¹
957 1937 1051 2008 enim
1071 1937 1250 2033 religionis
1273 1939 1441 2036 dignitate

370 2078 433 2124 eos
446 2053 602 2148 insignes
620 2074 791 2149 apparere
813 2051 971 2141 studuit,
992 2055 1243 2148 verumetiam
1262 2054 1367 2128 bonis
1384 2081 1442 2128 ex·

368 2149 558 2240 terioribus
590 2181 836 2263 augmentatos
866 2165 967 2236 nullo
997 2166 1108 2238 modo
1140 2167 1254 2238 minui
1283 2169 1441 2265 prudens

371 2284 499 2382 adegit.
534 2287 635 2369 Quos
671 2307 755 2353 cum
784 2280 898 2352 multo
927 2281 1060 2353 coleret
1091 2307 1233 2373 amore,
1265 2284 1441 2383 praecipua

312 2437 314 2444 ·
368 2417 487 2473 tamen
519 2398 615 2472 beati
646 2397 794 2495 Remigii
823 2403 1043 2470 Francorum
1070 2399 1213 2496 patroni
1244 2398 1441 2471 monachos

369 2516 513 2589 caritate
550 2513 758 2604 extollebat;
787 2513 884 2585 unde
913 2527 949 2586 et
979 2517 1106 2585 eorum
1135 2539 1191 2586 res
1226 2503 1373 2587 stabiliri
1403 2515 1440 2592 in

368 2646 553 2728 posterum
570 2631 739 2727 cupiens,
768 2633 919 2701 Romam
949 2631 1136 2702 concessit.
1165 2635 1210 2702 Et
1237 2645 1361 2728 utpote
1390 2633 1441 2701 vir

367 2747 497 2820 nobilis
526 2762 562 2818 et
589 2762 781 2835 strenuus,
816 2760 852 2816 et
882 2745 977 2817 fama
1006 2746 1127 2817 celibis
1157 2748 1237 2818 vitae
1275 2747 1441 2834 omnibus

368 2865 501 2955 clarus,
522 2861 671 2942 abeatae
703 2861 884 2934 memoriae
910 2860 1074 2934 «Iohanne
1096 2887 1189 2960 papa
1221 2887 1305 2934 cum
1330 2864 1441 2935 multa

370 2984 569 3055 reverentia
587 2997 754 3080 exceptus
768 2997 832 3054 est.
853 2989 878 3055 Α
891 3007 965 3080 quo
979 2983 1087 3064 etiam
1099 2997 1181 3081 post
1194 2999 1319 3056 mutua
1332 2985 1441 3057 collo·

370 3101 454 3197 quia
474 3099 612 3196 jussus,
636 3099 672 3170 in
692 3099 750 3170 die
769 3097 924 3171 natalitia
941 3100 1088 3171 Domini
1106 3097 1297 3171 duodecim
1314 3126 1442 3199 praece·

369 3215 536 3288 dentibus
566 3215 741 3315 episcopis
776 3217 964 3288 missarum
998 3215 1209 3315 sollempnia
1235 3216 1435 3302 celebravit.

369 3336 409 3402 ln
428 3346 526 3405 tanta
552 3333 627 3428 ejus
654 3334 763 3429 gratia
787 3332 948 3422 habitus,
978 3346 1017 3404 ut
1034 3332 1080 3404 ab
1099 3358 1143 3405 eo
1172 3347 1355 3429 rogaretur
1381 3359 1441 3432 pe-

370 3462 465 3538 tere,
487 3450 516 3520 si
534 3449 622 3546 quid
640 3463 790 3549 optaret.
1234 3457 1236 3462 ’
