3320 5296
351 544 410 604 156
712 540 878 604 RlCHERl
902 542 977 602 LIB.
1004 543 1058 602 tv.

286 716 288 720 -
347 698 366 738 «
386 647 677 766 utunusquisque
691 668 790 766 quod
803 670 988 767 singularis
998 695 1020 741 a
1032 674 1109 742 Deo
1124 669 1248 741 datum
1260 669 1428 758 haberet,

348 815 366 853 «
386 786 446 857 hic
474 810 596 856 coram
627 787 817 858 consulens
841 802 923 885 post
951 787 1170 879 effunderet,
1201 803 1242 858 ut
1266 786 1423 858 collectis

347 932 365 969 «
387 902 609 1000 singulorum
639 905 839 995 sententiis,
874 930 1014 999 summa
1045 905 1153 977 totius
1185 904 1346 995 consilii,
1377 928 1422 975 ex

347 1050 366 1088 «
388 1019 622 1091 multitudinis
640 1045 754 1092 massa
771 1020 1041 1094 deformaretur.
1064 1021 1230 1092 Reductis
1247 1044 1332 1118 ergo
1347 1020 1427 1116 jam·

347 1166 365 1204 «
387 1161 484 1208 nunc
501 1136 607 1208 nobis
624 1137 660 1207 in
676 1162 811 1229 unum,
833 1138 945 1210 multa
966 1137 1175 1236 prudentia,
1202 1137 1315 1208 multa
1327 1135 1419 1225 fide,

347 1283 366 1322 «
386 1253 584 1324 videndum
597 1259 669 1343 est,
686 1240 732 1325 ne
751 1270 814 1326 aut
832 1255 957 1328 odium
975 1255 1153 1335 rationem
1173 1253 1341 1352 dissipet,
1362 1266 1424 1322 aut

347 1406 365 1443 «
387 1401 490 1448 amor
514 1377 698 1449 veritatem
727 1394 882 1451 enervet.
914 1383 994 1451 Non
1023 1380 1228 1476 ignoramus
1251 1376 1423 1449 Karolum

349 1522 367 1560 «
389 1493 544 1565 fautores
576 1519 659 1565 suos
685 1493 836 1585 habere,
868 1496 930 1594 qui
954 1520 1038 1567 eum
1062 1495 1213 1592 dignum
1238 1519 1351 1591 regno
1383 1518 1426 1570 ex

348 1648 367 1685 «
388 1633 579 1716 parentum
597 1616 788 1690 collatione
809 1619 1041 1691 contendant.
1063 1617 1134 1689 Sed
1153 1619 1182 1688 si
1204 1617 1249 1688 de
1266 1618 1337 1690 hoc
1355 1618 1427 1714 agi·

350 1764 366 1802 «
389 1750 460 1826 tur,
482 1761 549 1806 nec
575 1761 726 1832 regnum
743 1737 823 1831 jure
840 1735 1057 1814 hereditario
1076 1733 1287 1832 adquiritur,
1305 1759 1371 1805 nec
1390 1735 1426 1804 in

351 1879 369 1917 «
390 1876 541 1948 regnum
555 1851 825 1950 promovendus
845 1867 896 1923 est
915 1853 982 1922 nisi
1000 1877 1109 1949 quern
1123 1875 1199 1922 non
1219 1851 1336 1922 solum
1350 1875 1428 1920 cor-

350 1996 368 2034 «
389 1968 488 2064 poris
505 1966 689 2057 nobilitas,
711 1967 824 2039 sedet
842 1969 953 2038 animi
966 1967 1316 2066 sapientiaillustrat,
1339 1965 1428 2037 fides

348 2083 522 2169 «munit,
546 2084 817 2180 magnanimitas
839 2083 968 2160 firmat.
998 2085 1162 2182 Legimus
1180 2086 1218 2155 in
1241 2083 1427 2156 annalibus

349 2227 367 2264 «
390 2196 574 2269 clarissimi
589 2200 727 2295 generis
744 2200 1019 2298 imperatoribus
1036 2202 1177 2298 ignavia
1194 2200 1239 2272 ab
1258 2201 1428 2298 dignitate
1462 2182 1465 2186 ⁵

349 2343 368 2383 «
385 2316 632 2415 praecipitatis,
659 2317 747 2388 alios
764 2317 877 2388 modo
896 2343 1021 2417 pares,
1043 2319 1154 2390 modo
1177 2319 1330 2418 impares
1351 2343 1429 2388 suc-

352 2433 547 2505 «cessisse.
575 2433 646 2506 Sed
676 2433 764 2531 quid
786 2433 937 2530 dignum
961 2434 1093 2506 Karolo
1120 2435 1273 2507 conferri
1291 2450 1428 2533 potest,

351 2579 369 2616 «
391 2576 499 2648 quem
513 2550 602 2623 fides
620 2577 697 2624 non
714 2552 821 2648 regit,
839 2568 965 2649 torpor
979 2541 1143 2643 enervat,
1166 2567 1349 2650 postremo
1368 2553 1430 2648 qui

350 2697 375 2735 «ae
390 2683 487 2740 tanta
505 2669 629 2766 capitis
642 2669 895 2768 imminutione
908 2668 1045 2759 hebuit,
1063 2684 1103 2739 ut
1114 2684 1261 2741 externo
1274 2669 1347 2766 regi
1359 2694 1431 2739 ser·

351 2811 369 2850 «
391 2783 466 2853 vire
484 2808 560 2855 non
572 2782 774 2873 horruerit,
791 2797 826 2853 et
839 2807 989 2852 uxorem
1003 2783 1050 2853 de
1061 2782 1204 2854 militari
1218 2783 1345 2864 ordine
1363 2783 1431 2856 sibi

351 2929 369 2967 «
390 2900 564 2998 imparem
579 2898 742 2970 duxerit?
762 2898 957 2986 Quomodo
970 2924 1055 2996 ergo
1069 2924 1225 2996 magnus
1238 2899 1311 2971 dux
1324 2900 1432 2998 patie-

353 3043 371 3088 ς(
390 3032 448 3086 tur
462 3015 507 3087 de
521 3016 592 3086 suis
606 3015 776 3087 militibus
790 3016 960 3087 feminam
973 3005 1153 3115 sumptam
1166 3019 1325 3114 reginam
1339 3015 1429 3108 fieri,

353 3130 529 3228 «sibique
557 3131 762 3202 dominari?
781 3125 977 3218 Quomodo
1008 3133 1116 3232 capiti
1140 3158 1206 3203 suo
1224 3147 1429 3232 preponet,

354 3279 372 3318 «
392 3250 493 3346 cujus
504 3273 608 3348 pares
627 3264 662 3320 et
676 3251 782 3320 etiarn
801 3250 954 3345 majores
969 3249 1034 3321 sibi
1055 3275 1170 3347 genua
1184 3251 1350 3342 llectunt,
1371 3276 1436 3348 pe-.

354 3398 371 3435 «
393 3367 570 3464 dibusque
584 3367 731 3450 ‘manus
748 3367 979 3467 supponunt?
1008 3368 1239 3440 Considerate
1260 3393 1337 3439 rem
1356 3367 1434 3439 dili-

355 3501 530 3582 «genter,
556 3500 592 3557 et
616 3483 789 3556 Karolum
814 3509 879 3555 sua
905 3485 1017 3582 magis
1047 3485 1152 3583 culpa
1177 3485 1433 3584 praecipitatum

354 3632 372 3670 «
394 3626 503 3699 quarn
522 3601 639 3672 aliena
653 3601 784 3673 videte.
801 3601 869 3696 ,Rei
881 3597 1034 3700 publicae
1044 3599 1304 3672 beatitudinem
1323 3601 1434 3697 magis

354 3749 371 3786 «
394 3743 504 3816 quam
517 3717 752 3800 calamitatem
770 3732 891 3816 optate
908 3744 916 3786 :
931 3719 960 3788 si
974 3743 1053 3789 earn
1068 3717 1245 3804 infelicem
1266 3717 1344 3788 fieri
1360 3717 1436 3788 vul·

357 3837 461 3926 «tis,
487 3833 659 3907 Karolum
683 3850 914 3932 promovete,
940 3835 968 3904 si
994 3835 1437 3932 fortunatam'„egregium

358 3957 378 4020 ἀ
399 3950 530 4022 ducem
540 3955 730 4047 Hugonem
743 3951 780 4020 in
793 3974 945 4047 regnum
957 3965 1139 4022 coronate.
1154 3953 1206 4021 Ne
1216 3975 1300 4046 ergo
1314 3948 1438 4027 Karoli

356 4100 374 4138 «
394 4094 496 4140 amor
513 4091 693 4166 quemque
708 4066 850 4158 illiciat,
871 4092 938 4140 nec
959 4067 1084 4138 odium
1107 4067 1209 4138 ducis
1227 4066 1272 4138 ab
1286 4066 1437 4137 utilitate

356 4186 580 4256 «communi
605 4183 800 4282 quemlibet
819 4201 995 4256 amoveat.
1022 4189 1113 4256 Nam
1130 4184 1167 4254 ‘si
1184 4182 1324 4254 bonum
1341 4183 1436 4253 vitu-

355 4329 372 4365 «
395 4299 540 4398 peretis,
561 4299 748 4397 quomodo
767 4299 902 4373 malurn
920 4299 1133 4372 laudabitis?
1152 4299 1189 4369 si
1208 4298 1344 4371 malum
1361 4297 1441 4370 lau*
