3308 5286
359 511 401 571 66
720 501 889 564 lllCHElll
911 501 987 564 hlB.
1011 501 1070 562 111.

359 639 468 712 classe
495 640 713 710 Ravennam.
744 637 787 704 Et
811 648 973 733 tempore
990 646 1185 732 oportuno,
1212 633 1436 732 imperatoris

355 757 474 853 jussu,
491 777 619 826 ornnes
633 751 808 848 sapientes
826 751 889 847 qui
903 765 1146 823 convenerant
1156 751 1249 822 intra
1262 750 1435 848 palatium

359 873 499 946 collecti
512 884 606 943 sunt.
627 869 733 942 Affuit
750 867 939 968 praedictus
955 868 1173 940 reverendus
1190 869 1435 968 metropolita-

359 1014 448 1078 nus3
470 987 569 1060 alluit
580 1001 615 1058 et
633 985 727 1058 Adso
739 983 849 1056 abbas
865 983 1068 1074 Dervensis,
1088 984 1249 1081 quicum
1266 985 1344 1083 ipso
1359 1009 1434 1057 me·

359 1104 578 1203 tropolitano
608 1101 822 1189 advenerat,
847 1099 911 1172 scd
935 1116 971 1172 et
996 1101 1138 1173 Otricus
1165 1118 1433 1199 praesenserat,

359 1224 422 1322 qui
435 1246 532 1296 anno
545 1221 728 1320 superiore
746 1217 909 1291 Gerberti
925 1216 1221 1316 reprehensorem
1239 1243 1316 1292 sese
1330 1245 1435 1292 mon·

358 1354 539 1413 straverat.
561 1342 737 1408 Numerus
755 1359 901 1433 quoque
918 1333 1187 1406 scolasticorum
1211 1361 1287 1407 non
1304 1361 1436 1436 parvus

359 1457 600 1544 confluxerat,
641 1453 730 1550 qui*
773 1452 1020 1526 imminentem
1053 1451 1303 1550 disputationis
1336 1453 1436 1528 litem

358 1597 588 1672 summopere
627 1570 933 1672 praestolabantur.
977 1569 1167 1642 Haerehant
1196 1573 1354 1663 etenim,
1388 1597 1435 1644 an

357 1691 507 1766 Otrioo²
529 1690 706 1799 quispiam
726 1689 887 1798 resistere
912 1688 1071 1760 auderet.
1090 1691 1238 1759 Necnon
1261 1704 1297 1760 et
1314 1713 1438 1786 augus-

356 1823 413 1881 tus
421 1806 630 1906 hujusmodi
639 1819 819 1878 certamen
829 1802 1039 1876 habendum
1048 1797 1433 1902 callidepertractabat.

357 1923 542 1998 Nitebatur
568 1936 689 1996 autern
714 1921 929 1993 Gerbertum
959 1921 1145 1992 incautum
1173 1921 1295 1992 Otrioo
1321 1945 1437 2022 oppo-

356 2065 456 2130 nere,
480 2056 521 2112 ut
535 2041 564 2110 si
582 2040 744 2112 incautus
762 2051 1002 2136 appeteretur,
1026 2037 1202 2134 majorem
1227 2053 1436 2112 controver-

356 2157 460 2230 sandi
475 2158 636 2228 animum
653 2156 690 2226 in
715 2153 936 2226 contrarium
955 2169 1127 2226 moveret.
1153 2154 1317 2226 Otricum
1333 2180 1435 2248 vero,

356 2273 469 2347 multa
493 2296 711 2371 proponere,
745 2270 878 2343 nihilve
907 2269 1044 2344 solvere
1070 2270 1292 2356 hortabatur.
1323 2277 1437 2372 Atque

356 2387 412 2460 his
423 2388 592 2461 omnibus
602 2411 644 2460 ex
654 2385 803 2458 ordine³
819 2385 1102 2476 considentibus,
1113 2402 1295 2484 augustus,
1308 2412 1435 2461 eorum

357 2506 509 2597 medius,
530 2507 615 2577 sice
633 2504 776 2578 sublimi
789 2504 922 2601 coepit:

404 2752 506 2804 LVIII.
524 2780 560 2791 -
577 2749 708 2801 Allocutio
724 2747 828 2817 augusti
843 2745 949 2799 Ottonis
964 2747 992 2799 in
1014 2759 1148 2800 conventu
1163 2747 1328 2818 sapientium
1337 2768 1388 2822 pro

744 2834 929 2892 emendatione
943 2836 1044 2906 ligura.
1367 2849 1371 2858 '

410 3031 427 3070 α
445 3007 650 3072 Humanam
666 3028 684 3066 »
701 2999 867 3095 inquiens
882 3027 900 3067 a
921 3014 961 3070 ut
977 2999 1131 3072 arbitror
1143 3003 1343 3096 scientiam,
1359 3029 1438 3076 cre·

361 3147 379 3186 r<
400 3116 466 3188 bra
484 3115 667 3187 meditatio
689 3113 748 3186 vel
768 3114 972 3187 exercitatio
993 3113 1111 3187 reddit
1129 3117 1328 3210 meliorem,
1345 3143 1437 3217 quo·

362 3263 379 3300 a
401 3233 493 3304 tiens
511 3255 634 3303 rerum
657 3231 805 3302 materia
825 3246 1073 3328 competenter
1091 3232 1273 3326 ordinata,
1302 3258 1438 3307 sermo·

362 3381 379 3418 a
400 3349 505 3420 nibus
517 3347 710 3445 exquisitis,
721 3372 786 3445 per
796 3346 975 3445 quoslihet
985 3350 1161 3449 sapientes
1174 3349 1330 3424 effertur.
1348 3357 1438 3424 Nam

364 3496 381 3534 a
403 3492 488 3546 curn
508 3493 575 3565 per
597 3467 711 3537 otium
741 3465 923 3563 sepissime
946 3480 1143 3564 torpemus,
1175 3469 1203 3539 si
1234 3467 1439 3567 aliquorum

364 3583 588 3681 «pulsemur
610 3582 869 3680 questionibus,
895 3582 943 3655 ad
967 3582 1156 3654 utillimam
1179 3609 1264 3655 mox
1288 3585 1439 3658 medita·

366 3730 383 3768 a
404 3701 541 3771 tionem
557 3699 758 3772 incitamur.
779 3699 872 3772 Hinc
886 3699 1030 3772 scientia
1048 3724 1169 3772 rerum
1189 3725 1211 3773 a
1228 3701 1440 3775 doctissimis

367 3849 384 3886 a
406 3817 522 3890 elicita
537 3831 601 3888 est.
620 3816 712 3888 Hinc
723 3831 776 3888 est
789 3816 890 3915 quod
906 3816 952 3890 ab
969 3817 1020 3889 eis
1034 3817 1184 3916 prolata,
1199 3817 1298 3892 libris
1310 3821 1440 3893 tradita

367 3965 385 4004 r<
407 3949 502 4025 sunt,
523 3931 698 4030 nobisque
715 3932 762 4004 ad
783 3932 873 4005 boni
889 3934 1051 4006 exercicii
1065 3935 1232 4036 gloriam,
1253 3935 1437 4010 derelicta.

400 4109 410 4141 ¹
426 4109 473 4180 qui
483 4107 512 4162 id
525 4109 661 4180 negotium
671 4107 876 4180 perpenderant.
891 4122 918 4164 et
929 4111 964 4163 oh
981 4110 1033 4164 hoc
1045 4109 1137 4162 deleta.

401 4195 413 4228 ¹
430 4211 523 4246 eorum
533 4193 685 4248 doctissimo
698 4212 761 4245 corr.
778 4193 880 4248 Otrico.

403 4279 414 4310 ³
428 4281 491 4351 jussi
505 4297 568 4332 corr.
585 4297 617 4332 ex
633 4276 737 4332 ordine.
