3314 5294
926 237 937 272 b

376 480 435 540 116
731 475 897 538 RlCHERl
920 477 995 538 LlB.
1022 477 1082 542 lll.

370 609 511 711 cipibus
533 632 697 682 exercere
724 609 893 682 valerent.
921 614 1031 683 Amor
1063 634 1211 710 quoque
1235 612 1446 711 conjugalis,

369 730 423 800 eis
444 751 538 827 pene
556 726 675 800 nullus
693 726 775 818 fuit3
792 753 878 800 nam
898 755 982 804 cum
1000 729 1059 800 ille
1082 730 1202 802 adhuc
1221 730 1447 829 pubesceret,

370 841 430 913 illa
442 864 530 911 vcro
550 864 640 911 anus
658 838 768 931 foret,
789 842 978 915 contrariis
998 841 1159 916 moribus
1178 842 1446 917 dissentiebant.

368 957 591 1032 Cubiculum.
609 981 804 1029 commune
827 958 895 1030 sibi
924 983 999 1032 non
1027 960 1267 1058 patiebantur.
1299 963 1449 1059 Requie-

367 1077 439 1148 turi
460 1099 606 1174 quoque
624 1074 772 1146 diversis
792 1074 954 1174 hospitiis
971 1076 1214 1176 potiebantur.
1240 1077 1277 1148 si
1300 1075 1448 1176 qnando

366 1193 650 1292 colloquendum
675 1209 767 1283 erat,
793 1193 916 1265 locum
939 1194 1007 1266 sub
1034 1195 1119 1266 divo
1148 1194 1343 1267 habebant.
1377 1200 1448 1268 Pro

366 1311 594 1386 sermonibus
611 1310 875 1409 producendis,
905 1312 1120 1411 paucissima
1138 1311 1257 1385 dicere
1278 1327 1333 1384 sat
1356 1328 1445 1385 erat.

366 1435 410 1503 Et
422 1429 495 1501 hoc
508 1427 606 1528 apud
624 1451 688 1499 eos
705 1426 778 1499 fere
796 1442 873 1499 erat
888 1453 955 1528 per
967 1425 1167 1499 biennium.
1190 1433 1356 1516 Quorum
1375 1453 1449 1500 mo·

364 1573 422 1620 res
435 1572 549 1645 usque
563 1546 656 1618 adeo
677 1545 861 1618 discordes
877 1545 994 1638 luere,
1016 1562 1145 1619 utnon
1167 1546 1281 1618 multo
1299 1562 1382 1646 post
1395 1572 1448 1619 se·

365 1677 535 1760 queretur
552 1677 588 1734 et
606 1660 813 1734 divortium.

866 2002 951 2058 XCV.

413 2151 617 2223 Ludovicus
630 2171 731 2240 vero,
755 2149 840 2246 quia
853 2171 998 2218 morum
1009 2144 1284 2216 informatorem
1295 2169 1371 2217 non
1383 2147 1447 2220 ha·

364 2267 491 2360 bebat,
507 2282 634 2367 utpote
647 2266 858 2339 adolescens
870 2265 1004 2337 levium
1017 2259 1143 2334 rerum
1157 2260 1372 2335 vanitatibus
1391 2265 1447 2335 in-

365 2384 523 2458 sistebat.
537 2383 728 2456 Habitum'
749 2397 872 2482 patnae
883 2382 1015 2480 genus
1030 2405 1098 2479 pro
1109 2405 1326 2479 peregrinis
1346 2382 1447 2480 peni-

366 2518 422 2574 tus
416 2503 669 2615 deposuerat.
695 2501 848 2598 Itaque'
839 2525 877 2571 ιιι
897 2497 1141 2608 miserandam
1158 2497 1362 2590 fortunam,
1392 2523 1448 2572 res

365 2617 508 2717 penitus
522 2604 659 2716 dilapsa
679 2631 745 2707 est,
761 2631 800 2687 ut
814 2630 850 2687 et
863 2615 1025 2686 moribus
1040 2614 1209 2712 degener,
1226 2629 1263 2686 ct
1273 2615 1448 2712 regnandi

365 2751 578 2835 impotenna
588 2732 760 2832 mglonus
772 2747 881 2823 esset
896 2748 932 2804 ct
942 2758 1005 2832 qur
995 2732 1215 2831 pauloante
1227 2758 1290 2804 rex
1301 2758 1445 2831 genere,

366 2850 478 2940 sarna,
494 2863 602 2945 atque
616 2849 729 2947 copiis
748 2862 899 2946 potens,
921 2873 1019 2919 nunc
1037 2871 1251 2920 erumnosus
1270 2861 1306 2919 et
1318 2845 1445 2948 inops,

366 2967 419 3037 rei
431 2964 613 3037 familiaris
631 2963 737 3035 simul
746 2978 784 3035 et
790 2963 952 3036 militaris
964 2963 1164 3036 calamitate
1178 2964 1368 3062 squaleret.
1385 2967 1449 3038 His

365 3081 554 3154 Lotharius
566 3107 629 3154 rex
641 3106 707 3180 per
720 3081 854 3153 multos
865 3080 1035 3179 cognitis,
1052 3079 1167 3152 filium
1178 3080 1264 3153 inde
1278 3060 1448 3156 revocare

365 3197 568 3297 cogitabat3
588 3222 664 3270 non
678 3198 849 3295 ignorans
868 3199 906 3269 in
926 3199 1029 3296 pejus
1042 3222 1126 3271 eum
1144 3197 1354 3296 lapsurum,
1363 3224 1448 3272 cum

365 3316 437 3388 illic
455 3314 596 3387 nullum
614 3314 795 3412 dignitatis
807 3315 912 3412 regiae
930 3313 1081 3386 haberet
1096 3314 1288 3387 honorem.
1303 3318 1449 3414 Equita-

365 3447 443 3503 tum
457 3433 576 3530 itaque
587 3445 689 3532 parat
700 3430 815 3502 lilium
829 3431 1056 3530 repetiturus.
1073 3431 1301 3527 Aquitaniam
1313 3434 1447 3532 ingres·
1519 3435 1521 3440 ’

365 3574 426 3622 sus
450 3547 620 3622 Bridd'am
646 3549 760 3649 petiit.
792 3547 920 3620 Filium
939 3548 1069 3646 repetit
1086 3562 1121 3620 et
1142 3547 1291 3622 reducit.
1315 3551 1447 3648 Regina

363 3691 442 3738 sese
455 3664 639 3739 viduatam
655 3665 795 3755 dolens,
816 3679 853 3735 et
864 3663 977 3736 verita
994 3662 1139 3760 majoris
1152 3663 1377 3736 incommodi
1391 3666 1446 3736 in-

358 3784 513 3881 juriam,
525 3783 735 3860 Wilebnum
746 3780 988 3854 arelatensem
999 3779 1105 3873 adiit,
1127 3780 1232 3879 eique
1250 3783 1384 3880 nupsit.
1404 3786 1449 3854 Et

362 3902 413 3974 sic
429 3927 474 3974 ex
492 3900 668 3989 divortio,
685 3897 902 3972 adulterium
914 3895 1100 3996 publicum
1120 3913 1309 3997 operatum
1327 3914 1399 3994 est,

399 4118 406 4150 ¹
426 4119 517 4171 Vestes
529 4131 591 4170 corr.
605 4116 725 4170 habitum
741 4114 828 4168 codes.
