3324 5298
341 503 425 597 ‘aaa
721 534 887 596 arcuum
910 533 984 595 un.
1008 536 1062 595 ιν.

360 695 381 732 ιι
403 665 482 737 tuit.-
494 663 629 759 {Sancta
642 679 847 736 sanctorum
868 664 1027 736 hostium
1047 665 1183 762 impetu
1196 669 1436 743 contaminata

363 815 381 853 ιι
402 797 501 873 sunt,
519 781 757 852 sanctuarium
772 782 838 853 Dei
859 781 1001 852 nefariis
1019 779 1219 879 quibusque
1237 783 1431 874 violatum,

361 929 379 969 ιι
399 896 1245 996 civesquoqueapraedonibusdirepti.Quorum
1256 901 1434 975 malorum

360 1045 378 1084 ιι
399 1016 458 1088 ille
477 1029 601 1086 auctor
623 1038 699 1085 esse
728 1013 947 1103 criminatur,
977 1015 1039 1112 qui
1065 1013 1111 1085 ab
1139 1013 1302 1090 hostibus
1327 1023 1434 1093 tutari

359 1165 377 1203 ιι
399 1133 541 1220 debuit,
572 1130 738 1202 Arnulfus
763 1131 923 1228 ejusdem
951 1131 1048 1203 urbis
1070 1133 1269 1232 episcopus.
1298 1139 1375 1208 Hoc
1401 1139 1433 1209 ei

357 1281 376 1322 ιι
397 1248 605 1323 intenditur.
626 1246 678 1318 Ad
692 1247 762 1317 hoc
786 1246 1049 1320 discutiendum
1066 1249 1192 1347 regalis
1207 1251 1357 1348 dignitas
1372 1254 1432 1327 hio

356 1400 374 1438 ιι
396 1393 464 1440 nos
485 1364 638 1463 collegit.
663 1363 852 1436 Elaborate
864 1364 981 1461 igitur,
998 1379 1116 1463 patres
1133 1366 1342 1460 reverendi,
1367 1395 1427 1461 ne,

356 1515 373 1554 ιι
396 1485 501 1556 unius
513 1480 677 1583 perfidia,
694 1482 845 1578 dignitas
858 1481 1087 1554 sacerdotalis
1101 1484 1257 1557 vilescat.
1276 1515 1294 1552 n

850 1645 930 1697 Lrv:

401 1786 538 1854 Contra
551 1780 627 1852 haec
640 1804 724 1850 cum
742 1778 889 1876 quidam
915 1779 1146 1852 residentium
1172 1783 1430 1880 responderent

350 1897 558 1997 hujusmodi
569 1889 756 1969 hominem
769 1893 975 1994 quantotius
994 1898 1301 1991 convincendum,
1329 1905 1431 1976 etsie

345 2019 443 2114 justo
452 2016 582 2113 juditio
594 2014 1009 2115 puniendum,Siguinus
1022 2015 1211 2115 episcopus
1220 2041 1294 2089 non
1306 2018 1344 2090 id
1353 2045 1431 2092 sese

349 2135 608 2238 permissurum
623 2130 825 2230 respondit,
849 2146 890 2201 ut
901 2131 930 2201 is
949 2131 1011 2228 qui
1024 2131 1214 2227 majestatis
1232 2159 1313 2205 reus
1326 2160 1429 2209 accu-

349 2267 447 2326 satur
465 2251 532 2322 sub
560 2247 773 2320 discutiendi
792 2272 943 2320 censura
969 2264 1138 2346 ponatur,
1173 2243 1253 2322 nisi
1271 2267 1353 2324 ante
1384 2277 1428 2327 ex

344 2366 578 2470 jurejurando
598 2366 875 2467 promissionem
895 2364 1143 2464 indulgentiae,
1169 2367 1215 2440 ab
1237 2369 1379 2468 regibus
1392 2388 1429 2446 et

349 2484 524 2587 episcopis
537 2483 698 2582 accipiat.
718 2481 831 2580 quue
851 2481 1054 2560 faciendum
1074 2485 1252 2557 asserebat
1273 2511 1316 2558 ex
1341 2512 1428 2560 con·

349 2604 420 2676 cilii
432 2600 592 2674 Toletani
605 2599 720 2699 capite
733 2601 794 2674 31.
813 2599 933 2686 Quod,
951 2601 1036 2697 quia
1043 2599 1207 2673 brevitati
1225 2602 1427 2695 studemus,

350 2719 538 2792 omisimus
550 2739 700 2815 ponere.

451 2941 547 2996 Ltvt.
556 2939 814 3008 <sermocinatum
828 2940 970 2994 Daiberti*
982 2940 1057 3012 pro*
1068 2941 1165 3013 juditio
1181 2941 1324 2996 ferendo*.

398 3087 611 3175 Daibertus,
648 3083 920 3156 Bituricensium
958 3085 1270 3185 archiepiscopus,
1306 3086 1425 3159 dixit:

353 3209 484 3278 «Cum
507 3216 646 3275 constet
672 3200 823 3291 factum,
848 3217 884 3273 et
904 3200 949 3273 de
973 3203 1121 3274 nomine
1145 3203 1227 3275 facti
1252 3203 1428 3277 dubitatio

353 3353 370 3391 ιι
392 3320 491 3392 nulla
522 3319 586 3410 sit,
621 3331 796 3415 quantum
830 3342 975 3414 quoque
1002 3318 1138 3390 facinus
1160 3313 1424 3417 perpendatur,

352 3468 369 3507 ιι
391 3436 578 3536 quomodo
593 3459 637 3508 ex
650 3434 857 3506 necessitate
869 3459 932 3506 reo
945 3434 988 3505 sit
1000 3434 1273 3532 indulgendum,
1285 3437 1428 3536 penitus

352 3585 370 3623 ιι
389 3577 467 3624 non
480 3551 641 3623 adverto
658 3549 723 3620 Hic
742 3550 840 3622 enim
854 3549 1035 3622 incurrere
1055 3551 1245 3622 necessitas
1269 3551 1424 3642 videtur,

352 3705 370 3742 ιι
392 3695 476 3744 cum
499 3669 671 3766 juditium
694 3666 998 3768 promulgandum
1033 3692 1108 3738 non
1142 3669 1203 3758 sit,
1236 3670 1303 3740 nisi
1329 3670 1428 3769 prius

351 3786 554 3888 «supplicii
581 3785 802 3882 indulgentia
827 3783 1076 3857 convincendo
1109 3809 1278 3857 concessa
1304 3785 1422 3858 fuerit.

352 3939 370 3978 ιι
392 3910 437 3979 At
449 3906 479 3976 si
492 3903 538 3975 ad
552 3902 722 3999 secularia
740 3903 823 3999 jura
834 3903 1054 4001 respiciatur,
1077 3903 1332 4000 quodcumque
1351 3928 1427 3975 sce·

353 4055 372 4094 «
391 4025 447 4097 lus
461 4022 612 4120 quisque
625 4020 855 4110 commiserit,
876 4019 1076 4093 secundum
1091 4020 1233 4094 sceleris
1246 4020 1422 4114 modum,

353 4172 371 4210 ιι
392 4137 608 4239 poenitentiae
626 4136 804 4210 severitati
820 4135 1029 4233 subjacebit.
1047 4164 1065 4203 »

384 4315 401 4350 ⁵
417 4315 524 4378 Sermo,
536 4313 605 4365 berti
618 4331 688 4384 pro,
701 4313 755 4366 fere
769 4311 872 4362 abscisa.
