3322 5292
343 501 403 561 128
715 493 882 556 RlGHElll
904 493 980 556 LIB.
1004 493 1065 556 lll.

341 653 501 722 nexum,
537 652 623 702 cum
658 627 778 701 electis
806 628 961 700 militum
995 625 1109 726 copiis
1142 625 1290 724 ingressi
1323 639 1419 698 sunt.

343 752 535 822 Annonam
553 771 700 819 omnem
718 746 998 844 circumquaque
1022 743 1152 816 milites
1175 742 1337 843 palantes
1361 741 1425 816 ad·

341 880 483 938 vectare
495 864 667 938 fecerunt.
689 864 960 961 Negotiatornm
973 885 1118 960 quoque
1132 861 1247 933 victus
1261 861 1298 932 in
1318 885 1425 932 usum

343 982 513 1055 bellicum
545 995 772 1080 acceperunt.
805 982 1001 1079 Lignorum
1030 978 1148 1051 trabes
1185 1003 1228 1050 ex
1257 981 1427 1076 Argonna

345 1099 525 1198 aggregari
547 1099 730 1195 jusserunt
755 1114 797 1171 ut¹
819 1098 849 1170 si
873 1097 918 1169 ab
936 1095 1101 1169 hostibus
1126 1108 1226 1168 extra
1252 1093 1427 1168 machinae

346 1215 458 1286 muris
488 1214 771 1314 applicarentur,
803 1214 871 1313 ipsi
894 1231 1039 1312 quoque
1062 1213 1210 1285 interius
1235 1212 1428 1299 obtinenti·

345 1330 415 1403 bus
439 1327 615 1403 machinis
642 1328 784 1403 obstare
806 1330 1031 1402 molirentur.
1059 1333 1181 1402 Crates
1204 1355 1351 1428 quoque
1376 1330 1428 1402 vi·

222 1498 224 1501 -
347 1448 505 1521 minibus
532 1435 567 1521 ef
594 1446 766 1534 arborum
790 1445 978 1519 frondibus
1009 1446 1145 1519 validas
1176 1447 1426 1540 intexuerunt,

348 1568 524 1666 machinis
538 1567 686 1658 erectis,
708 1567 737 1637 si
749 1591 804 1638 res
818 1579 1038 1665 exposceret,
1059 1563 1380 1664 supersternendos
1397 1564 1425 1636 ⁴.

224 1745 227 1752 .
349 1683 464 1780 Sudes
482 1684 577 1756 ferro
595 1684 839 1775 acuminatos,
864 1698 900 1755 et
920 1684 1002 1781 igne
1022 1681 1212 1775 subustos,
1235 1683 1282 1755 ad
1308 1683 1431 1755 hostes

350 1797 640 1873 transfodiendos
665 1799 895 1899 quamplures
920 1815 1144 1899 aptaverunt.
1177 1799 1321 1873 lllissilin
1342 1799 1432 1873 varii

351 1922 490 2020 generis
513 1947 579 2020 per
604 1921 723 1994 fabros
747 1920 950 2019 expediere.
980 1923 1135 1995 Funium
1161 1921 1306 1996 millena
1330 1922 1432 1994 volu·

352 2040 451 2112 mina
476 2037 523 2109 ad
548 2027 633 2110 usu's
654 2037 815 2110 diversos
839 2054 1095 2112 convexerunt.
1119 2031 1260 2137 Clipeos
1286 2063 1433 2136 quoque

351 2153 528 2228 habendae
544 2152 715 2226 testudini
732 2152 973 2248 ordinandos,
999 2157 1241 2230 instituerunt.
1270 2160 1434 2229 Preterea

353 2285 505 2344 centena
518 2272 646 2344 mortis
664 2265 844 2344 tormenta
861 2297 938 2345 non
956 2273 1113 2346 defuere.

581 2647 655 2701 CIV.
665 2677 700 2689 -
709 2650 830 2724 Repetite
841 2653 858 2688 *
874 2652 999 2708 Virduno
1006 2654 1023 2689 ¹*
1034 2674 1051 2708 a
1061 2656 1199 2712 lothario.

405 2825 622 2930 Nuntiantur
655 2827 732 2900 haec
779 2829 961 2904 Lothario.
1014 2835 1086 2920 Qui
1123 2849 1263 2905 tantum
1303 2831 1440 2905 facinus

356 2941 528 3015 accidisse
562 2944 734 3017 acerrime
765 2946 990 3045 indignatus,
1028 2951 1223 3021 exercitum
1251 2947 1439 3020 dimissum

357 3060 560 3146 revocavit3
599 3075 636 3132 et
666 3062 717 3134 sic
752 3087 836 3135 cum
866 3065 993 3138 decem
1028 3067 1171 3140 milibus
1196 3082 1440 3166 pugnatorum

359 3176 563 3248 Virdunum
586 3178 708 3275 petiit,
725 3193 729 3200 '
745 3195 853 3278 atque
869 3185 874 3192 ’
888 3183 1113 3257 adversarios
1145 3187 1352 3285 repentinus
1382 3210 1441 3282 ag·

358 3316 498 3392 gressus
519 3308 584 3367 est.
612 3295 733 3367 Primo
756 3297 911 3396 impetu,
947 3301 1148 3397 sagittarii²
1174 3315 1303 3382 ¹contra
1319 3301 1442 3372 hostes

359 3411 516 3483 ordinati
545 3425 642 3483 sunt.
676 3412 861 3510 Missaeque
892 3417 1025 3513 sagittae
1050 3433 1087 3490 et
1112 3417 1332 3491 arcobalistae
1357 3441 1442 3487 cum
1487 3473 1491 3482 .

360 3527 438 3600 aliis
454 3525 646 3601 missilibus
666 3543 740 3602 tam
766 3529 886 3603 densae
906 3533 944 3603 in
971 3558 1054 3605 aere
1077 3533 1343 3626 discurrebant,
1364 3519 1441 3604 ut'a

360 3645 518 3718 nubibus
532 3646 663 3737 dilabi,
680 3664 845 3746 terraque
863 3674 1051 3747 exsurgere
1069 3649 1288 3724 viderentur.
1303 3654 1442 3722 Horum

361 3779 488 3837 contra
515 3763 709 3862 impetum,
737 3766 955 3839 testudinem
979 3784 1063 3840 ante
1085 3793 1124 3840 se
1142 3783 1178 3840 et
1196 3793 1304 3867 super
1326 3767 1443 3866 capita

251 3948 256 3954 .
361 3879 484 3953 hostes
506 3905 612 3952 muro
634 3896 826 3979 aptavere,
853 3885 891 3955 in
916 3909 1026 3982 quam
1052 3885 1157 3959 relisa
1181 3885 1344 3975 missilia,
1369 3885 1442 3958 ictu

400 4074 416 4109 l
433 4076 468 4140 lt,
482 4076 606 4130 Virduno
617 4077 722 4130 abacue.

402 4159 409 4189 ¹
429 4162 692 4230 supersternendasl.

399 4243 413 4273 ⁹
430 4243 544 4313 sagitarii
558 4250 583 4298 l.
