3324 5298
371 501 432 562 aaa
723 473 904 559 ‘nicusus
927 497 1002 558 nn.
1025 497 1080 558 rv.

368 643 599 728 pertractans,
616 625 762 700 tandem
770 627 895 700 maluit
906 628 1073 727 gradibus
1081 629 1226 728 privari,
1243 653 1352 728 quam
1363 655 1445 703 ana·

367 747 524 818 themate
543 760 718 845 perpetuo
736 747 862 818 teneri.
883 749 928 821 Et
941 769 1042 836 mox,
1058 745 1310 846 episcoporum
1323 746 1438 842 jussu,

368 862 587 933 indumentis
596 860 874 934 sacerdotalibus
887 863 1045 935 vestitur.
1062 865 1149 949 Quae
1158 861 1295 961 singula
1306 862 1441 960 absque

368 977 440 1050 ulla
449 979 676 1050 miseratione
683 979 923 1071 detrahentes,
938 981 970 1052 ei
978 979 1105 1078 singuli
1114 981 1282 1053 dicebant
1291 1035 1300 1052 .
1310 1010 1328 1049 n
1336 985 1441 1053 Cessa

370 1126 388 1163 a
412 1095 458 1168 ab
475 1094 595 1167 officio
620 1111 730 1168 tuo.»
751 1096 938 1169 Laicorum
957 1123 1041 1196 ergo
1061 1113 1200 1170 tantum
1217 1098 1441 1170 communio-

367 1238 453 1284 nem
472 1215 505 1285 ei
516 1213 724 1304 reddentes,
740 1213 842 1285 illum
851 1215 1055 1314 penitentiae
1067 1215 1246 1306 subdunt,
1266 1231 1373 1313 atque
1390 1216 1441 1287 sic

367 1355 388 1401 a
408 1330 536 1401 sinodo
560 1329 667 1401 soluti
692 1345 786 1401 sunt.
813 1331 850 1401 si
872 1331 952 1428 quis
969 1345 1088 1406 autem
1110 1331 1252 1429 plenius
1268 1331 1358 1402 scire
1376 1355 1440 1402 vo·
1513 1410 1516 1418 ‚

366 1445 491 1536 luerit,
516 1446 605 1544 quid
626 1448 777 1545 quisque
802 1472 929 1519 eorum
953 1447 998 1522 de
1020 1447 1217 1520 canonibus
1243 1463 1278 1520 et
1299 1462 1442 1547 patrum

368 1561 518 1635 decretis
537 1564 576 1635 in
598 1563 751 1635 concilio
765 1564 971 1663 protulerit,
987 1565 1075 1663 quid
1093 1591 1238 1665 quoque
1258 1564 1371 1637 abeis
1392 1564 1442 1636 ibi

366 1679 563 1749 sanccitum
572 1679 632 1768 sit,
647 1677 735 1775 quid
744 1679 1031 1778 etiamaregibus
1045 1694 1081 1752 et
1092 1681 1266 1780 episcopis
1280 1682 1441 1751 Romano

366 1793 527 1892 pontifici
537 1794 711 1868 directum
723 1849 733 1886 ,
745 1795 875 1894 quibus
887 1822 1033 1895 quoque
1045 1823 1232 1870 causarum
1247 1796 1443 1868 rationibus

367 1909 502 1982 Arnulfi
520 1910 697 1984 abdicatio
720 1911 888 1988 roborata
906 1929 978 2005 est,
1001 1914 1094 2012 legat
1110 1914 1243 1985 librum
1265 1914 1391 1984 domni
1408 1927 1445 1986 et

366 2027 730 2126 incomparabilisviri
743 2027 919 2119 Gerberti,
929 2028 1036 2124 hujus
1043 2029 1179 2102 Arnulfi
1189 2031 1228 2103 in
1237 2029 1443 2128 episcopatu

367 2145 601 2235 successoris,
629 2144 692 2240 qui
713 2145 836 2215 omnia
856 2143 932 2216 haec
957 2145 1093 2243 digesta
1118 2148 1324 2237 continens,
1353 2146 1443 2218 mira

366 2259 577 2356 eloquentiae
594 2261 763 2332 suavitate
775 2259 937 2332 Tulliano
949 2260 1093 2359 eloquio
1107 2277 1345 2361 comparatur.
1368 2261 1442 2334 Ob-

361 2373 575 2471 jectionibus
588 2401 744 2473 namque
756 2390 791 2448 et
804 2376 1112 2475 responsionibus,
1129 2377 1442 2477 conquestionibus

368 2507 474 2589 atque
500 2493 741 2585 orationibuS,
766 2492 966 2583 invectivis,
989 2493 1272 2590 conjecturisque
1294 2508 1330 2565 et
1350 2491 1441 2568 diffi-

363 2610 564 2683 nitionibus
594 2610 769 2709 repletus,
804 2609 1082 2696 luculentissime
1112 2634 1154 2682 ac
1191 2608 1443 2682 rationabiliter

365 2727 555 2823 proponit,
590 2728 751 2816 assumit,
782 2740 888 2822 atque
919 2725 1112 2798 concludit.
1138 2726 1210 2813 Qui
1232 2750 1307 2797 non
1326 2723 1442 2796 solum

365 2841 585 2944 sinodalibus
597 2843 728 2930 causis,
746 2840 808 2914 sed
826 2856 937 2914 status
949 2841 1135 2915 rhetoricae
1146 2840 1441 2940 cognoscentibus

367 2958 539 3030 utillimus
557 2957 724 3030 habetur.
776 3005 793 3037 μ

371 3169 498 3224 LXXIV.
508 3169 704 3241 —Conqnestio
712 3170 729 3206 ¹*
737 3169 863 3224 Odonis*
877 3170 973 3243 apud*
981 3189 1041 3224 suos
1052 3169 1110 3224 de*
1117 3169 1266 3224 Miliduni*
1276 3148 1409 3242 ereptione
1416 3167 1441 3236 ἦ.

418 3341 557 3407 Interea
580 3335 662 3407 Odo
687 3360 809 3408 rerum
831 3359 976 3408 suarum
1000 3350 1232 3433 augmentum
1257 3331 1437 3433 querebat.

368 3453 472 3524 Unde
490 3468 526 3524 et
538 3454 635 3552 apud
648 3478 732 3525 suos
744 3478 900 3551 quorum
912 3452 1022 3526 fidem
1034 3453 1271 3526 indubitatam
1288 3449 1437 3540 sciebat,

367 3568 524 3641 castrum
543 3570 775 3643 Meledunum
797 3571 959 3668 inssuum
974 3572 1032 3668 jus
1051 3568 1251 3644 transfundi
1270 3567 1437 3672 parabat,

368 3687 435 3785 sibi
446 3688 611 3786 inquiens
625 3689 866 3761 miserrimum
879 3688 973 3780 fore,
988 3688 1087 3787 quod
1101 3689 1139 3760 in
1155 3689 1320 3783 Sequana
1331 3685 1440 3756 fluvio

368 3803 646 3889 transmittendis
660 3802 869 3876 exercitibus
881 3803 1000 3876 nullus
1018 3803 1085 3876 sibi
1097 3803 1265 3876 transitus
1287 3814 1441 3901 pateret;

367 3919 513 3992 undeet
532 3920 569 3992 id
590 3922 712 3992 animo
730 3920 796 3993 sibi
820 3921 1004 4014 incidisse,
1025 3924 1192 4020 quatinus
1204 3918 1439 4008 Milidunum,

368 4036 468 4134 quod
485 4053 538 4110 est
551 4037 819 4110 circumfluente
832 4041 996 4137 Sequana
1009 4040 1241 4129 tutissimum,
1258 4051 1293 4120 et
1306 4033 1445 4134 duplici

403 4241 419 4274 ³*
438 4240 515 4306 Con,
530 4241 632 4298 Odonis
644 4263 674 4308 a,
689 4241 740 4309 de,
757 4261 800 4296 ere
813 4242 917 4295 abscisa.
