3308 5286
381 469 420 530 36
733 469 897 534 RlCHERl
919 471 993 531 LlB.
1019 471 1078 531 lIl.

383 597 631 686 «convenire,
665 596 694 667 si
722 595 876 669 fructum
901 573 1037 669 virtutis
1064 623 1220 695 quaerere
1249 598 1443 672 elaborent.

383 742 400 780 u
422 712 510 785 Inde
528 714 624 785 enim
643 713 877 785 othonorum
901 715 1049 806 utilitas,
1077 731 1113 788 et
1136 741 1257 788 rerum
1280 716 1447 789 honestas

381 860 399 897 «
422 845 659 929 comparatur.
682 832 779 902 Sicut
795 847 940 904 econtra
957 833 1191 931 pernitiosum
1204 833 1232 904 si
1250 834 1349 932 pravi
1363 857 1447 904 con·

381 977 398 1014 α
420 947 550 1039 fluant,
578 963 617 1019 ut
635 949 753 1020 illicita
770 963 929 1046 quaerant
953 964 989 1021 et
1006 948 1181 1047 expleant.
1204 949 1307 1021 Unde
1330 964 1365 1022 et
1382 973 1447 1021 vos

380 1095 397 1134 ι(
419 1090 511 1162 quos
527 1067 565 1137 in
582 1067 648 1138 Dei
666 1067 813 1138 nomine
837 1067 1004 1138 collectos
1022 1067 1187 1156 arbitror,
1209 1068 1344 1166 optima
1356 1091 1448 1164 quae·

379 1211 397 1250 «
418 1207 497 1254 rere
513 1182 652 1272 hortor,
674 1198 781 1280 atque
805 1209 848 1256 ex
865 1183 1106 1256 malivolentia
1123 1184 1212 1255 nihil
1230 1184 1348 1256 moliri
1369 1209 1447 1256 mo-

379 1330 396 1368 «
418 1325 501 1372 neo.
537 1306 647 1373 Amor
677 1300 843 1373 secularis
870 1317 905 1373 et
936 1301 1060 1373 odium
1093 1301 1190 1401 apud
1227 1326 1292 1374 vos
1327 1301 1448 1374 locum

379 1446 397 1483 r<
418 1415 557 1488 nullum
575 1414 747 1507 habeant,
770 1417 901 1514 quibus
918 1432 1107 1490 enervatur
1127 1417 1277 1514 justitia,
1303 1417 1447 1514 aequitas

378 1563 396 1600 κ
418 1532 620 1605 suffocatur.
642 1535 758 1605 Vestri
783 1535 919 1607 ordinis
943 1536 1090 1632 antiqua
1113 1534 1255 1631 religio,
1286 1535 1331 1606 ab
1358 1535 1447 1605 anti-

378 1679 395 1717 ι(
416 1651 559 1747 quitatis
576 1649 774 1738 honestate,
797 1665 838 1721 ut
850 1651 943 1722 fama
964 1666 1029 1743 est,
1053 1652 1329 1750 supramodum
1346 1651 1449 1722 aber·

378 1795 394 1835 u
417 1767 517 1838 ravit.
539 1767 723 1838 Dissidetis
740 1768 838 1840 enim
850 1770 943 1839 inter
959 1794 1042 1858 vos,
1064 1771 1101 1839 in
1115 1769 1192 1867 ipsa
1210 1767 1379 1865 regularis
1393 1793 1448 1839 or·

377 1912 394 1949 «
416 1883 510 1954 dinis
527 1884 802 1975 cousuetudine,
823 1910 907 1956 cum
924 1885 1025 1956 aliter
1042 1884 1143 1975 alter,
1164 1884 1252 1956 alter
1270 1885 1370 1956 aliter
1388 1909 1448 1956 ve-

377 2029 395 2068 «
416 1999 457 2071 lit
476 2024 518 2071 ac
544 2001 683 2071 sentiat.
711 2004 938 2098 Quapropter
957 2016 993 2072 et
1016 2001 1191 2072 sanctitati
1214 2015 1337 2072 vestra
1362 2000 1447 2072 hac·

377 2132 520 2189 «tenus
544 2116 698 2194 multum
720 2117 931 2213 derogatum
949 2131 1013 2188 est.
1040 2116 1144 2188 Unde
1173 2132 1209 2189 et
1227 2116 1313 2189 utile
1338 2117 1444 2209 duxi,

378 2263 396 2301 r<
416 2249 457 2305 ut
468 2232 584 2324 vobis,
606 2232 666 2304 hic
685 2235 796 2330 gratia
814 2234 882 2305 Dei
899 2234 937 2303 in
951 2258 1066 2304 unum
1078 2233 1256 2324 collectis,
1277 2234 1448 2306 suadeam

378 2380 395 2418 u
417 2331 513 2422 idem
530 2350 643 2440 velle,
659 2349 756 2421 idem
774 2351 921 2440 sentire,
937 2349 1033 2421 idem
1047 2351 1252 2447 cooperari,
1268 2364 1309 2421 ut
1321 2350 1448 2424 eadem

378 2496 395 2535 «
416 2465 619 2557 voluntate,
639 2465 777 2538 'eodem
801 2491 928 2556 sensu,
962 2463 1089 2538 eadem
1112 2467 1385 2564 cooperatione,
1413 2482 1448 2538 et

303 2582 305 2586 ’
379 2585 528 2656 «virtus
555 2583 715 2680 neglecta
731 2598 924 2681 repetatur,
950 2597 985 2654 et
1002 2583 1183 2682 pravitatis
1207 2581 1362 2678 dedecus
1389 2609 1449 2656 ve·

379 2729 397 2767 u
417 2698 682 2772 hementissime
699 2698 939 2797 propulsetur.
965 2726 983 2764 »

447 2910 578 2964 mlv.
590 2940 627 2952 —
639 2910 810 2982 Responsio*
824 2910 969 2982 primatis*
982 2924 1008 2964 et
1022 2911 1051 2964 iu
1062 2910 1183 2983 pravos*
1194 2911 1375 2994 indignatio*.

427 3064 481 3136 Ad
504 3063 579 3135 haec
605 3063 776 3136 abbatum
795 3065 951 3164 primas:
977 3095 995 3132 κ
1016 3064 1124 3152 Quod
1141 3065 1200 3136 hic
1219 3093 1236 3130 u
1252 3067 1368 3162 inquit
1388 3096 1406 3134 u
1427 3092 1448 3138 a

380 3212 397 3249 u
419 3196 454 3253 te
472 3180 737 3280 promulgatum
756 3196 820 3268 est,
842 3196 943 3280 pater
955 3182 1195 3269 sanctissime,
1223 3180 1293 3252 alta
1313 3204 1448 3253 memo·

379 3326 398 3364 u
419 3299 471 3369 ria
488 3295 721 3369 condendum
739 3311 807 3387 est,
832 3321 876 3369 eo
901 3296 1001 3394 quod
1026 3312 1061 3369 et
1082 3321 1277 3397 corporum
1303 3297 1449 3395 dignita·
1562 3362 1567 3370 .

380 3446 398 3483 u
420 3430 509 3506 tem,
539 3428 574 3484 et
593 3415 793 3486 animarum
820 3415 968 3487 salutem
998 3414 1150 3486 affectes.
1178 3417 1325 3488 Constat
1353 3418 1449 3489 enim

381 3565 399 3604 ι(
420 3535 467 3607 ad
485 3534 649 3609 habitum
668 3537 806 3607 virtutis
819 3537 1001 3608 neminem
1022 3537 1245 3634 pervenisse,
1261 3524 1329 3608 nisi
1339 3523 1463 3637 quem

380 3682 398 3721 «
420 3650 498 3723 talis
517 3652 658 3723 animus
680 3653 852 3741 munivit,
876 3677 950 3751 quo
969 3667 1004 3723 et
1022 3653 1222 3751 appetenda
1240 3669 1397 3752 peteret,
1414 3670 1450 3727 et

381 3800 400 3838 r
420 3766 565 3840 vitanda
584 3766 769 3839 refelleret.
794 3769 898 3840 Unde
923 3785 958 3841 et
981 3783 1078 3869 patet
1100 3793 1167 3840 nos
1187 3769 1321 3868 aliquid
1343 3770 1449 3844 dede·

382 3912 401 3951 u
420 3884 513 3954 coris
546 3884 782 3973 contraxisse,
814 3885 914 3981 quod
944 3884 990 3956 ab
1027 3887 1235 3985 appetendis
1267 3887 1448 3985 aliquanto

380 4030 398 4068 ι(
420 3999 672 4074 aberravimus.
708 3999 817 4087 Quod
847 4003 952 4073 etiam
977 4002 1089 4074 multa
1120 4003 1366 4101 objurgatione
1397 4031 1451 4078 re-

413 4226 429 4260 *
447 4243 529 4297 pons,
542 4223 590 4277 atis
598 4263 606 4289 ‚
621 4240 680 4288 vor,
693 4222 746 4275 atio
762 4223 865 4276 abscisa.
