3324 5298
373 539 436 600 280
723 532 889 593 RICHElll
913 531 989 594 ltlB.
1013 531 1067 594 lV.

314 755 316 760 Ι
373 693 468 757 rum,
485 680 520 737 at
538 680 666 736 contra
685 665 893 755 inimicum,
910 666 940 735 si
959 688 1020 735 rex
1038 661 1174 758 jubeat,
1191 687 1230 734 se
1249 687 1334 734 mox
1361 663 1451 736 ulte·

372 785 447 856 rius
460 784 608 872 ituru‘m,
630 796 665 853 et
683 781 808 875 sibilde
826 779 994 852 omnibus
1010 778 1281 858 satisfacturum.
1304 783 1375 852 Rex
1394 804 1449 850 ra-

370 899 477 970 tionis
490 897 782 993 consequentiam
796 895 997 984 advertens,
1020 909 1161 966 tantum
1176 895 1292 966 virum
1311 892 1446 990 absque

370 1040 477 1088 causa
491 1040 512 1086 a
525 1039 563 1086 se
582 1013 718 1103 laesum,
735 1027 941 1111 suspectum
960 1010 1126 1084 habebat.
1153 1011 1258 1082 Unde
1271 1024 1306 1081 et
1320 1035 1365 1082 ne
1385 1035 1448 1110 pe·

369 1132 465 1202 nitus
483 1155 504 1202 a
519 1156 561 1216 se,
572 1130 753 1220 deficeret,
774 1128 819 1202 ab
838 1154 882 1200 eo
897 1127 1041 1200 obsides
1066 1127 1134 1198 sub
1149 1152 1238 1226 pace
1263 1142 1446 1224 sequestra

370 1249 524 1347 accepit3
547 1246 593 1319 de
607 1247 775 1319 omuibus
791 1271 870 1344 quae
890 1247 923 1317 ei
941 1243 1153 1334 intenderet,
1169 1258 1252 1343 post
1269 1245 1446 1316 rationem

368 1363 479 1436 abeo
504 1363 703 1434 auditurus.
725 1363 829 1434 Unde
847 1377 883 1442 et
901 1362 1094 1435 exercitum
1120 1361 1314 1453 reducens,
1349 1363 1447 1434 Pari·

368 1482 461 1553 sium
480 1471 740 1552 deveniendo
760 1505 905 1578 quoque
931 1478 1020 1551 nihil
1036 1479 1214 1571 amittens,
1239 1477 1448 1578 indempnis

368 1597 514 1670 Meldim
532 1623 615 1670 cum
633 1599 708 1670 suis
733 1597 891 1672 devenit.
916 1595 1005 1676 lude
1030 1596 1137 1668 etiam
1162 1611 1245 1695 post
1270 1596 1347 1670 dics
1370 1621 1445 1666 non

369 1715 514 1805 multos,
533 1729 689 1787 castrum
716 1715 816 1812 quod
842 1719 990 1786 Dunum
1007 1713 1149 1804 dicittu,
1172 1739 1238 1788 sua
1255 1714 1447 1813 dispositu·

368 1854 430 1904 rus
446 1832 560 1930 petiit.
636 1867 638 1874 ·

689 1954 789 2036 xcrv.
801 1982 837 1994 -
848 1952 966 2006 osam*
983 1951 1113 2006 oaonsr.

419 2099 523 2172 Unde
540 2125 622 2172 cum
640 2100 685 2170 de
705 2099 777 2169 suis
794 2123 885 2195 quos
902 2097 969 2168 sub
986 2081 1075 2196 pace
1093 2112 1274 2194 sequestra
1292 2100 1366 2196 regi
1389 2099 1449 2171 de-

368 2213 564 2312 legaverat,
590 2217 744 2317 plurima
769 2214 1032 2288 consultatione
1055 2215 1287 2308 deliberaret,
1317 2205 1447 2288 humo-

370 2334 473 2410 rum*
491 2334 733 2432 superfluitate
751 2358 818 2430 pro
833 2333 1007 2430 temporis
1019 2333 1267 2413 immutatione
1284 2349 1443 2424 vexatus,

368 2448 406 2518 in
426 2449 661 2546 egritudinem
684 2474 763 2546 quae
782 2473 802 2520 a
828 2448 973 2547 phisicis
990 2450 1174 2545 synantica
1198 2449 1328 2542 dicitur
1345 2450 1445 2521 deci-

369 2563 435 2636 dit.
463 2568 550 2652 Quae
567 2590 652 2638 cum
672 2566 765 2636 intra
794 2563 883 2661 gulae
901 2566 1070 2636 interiora
1093 2548 1215 2636 sedem
1238 2547 1381 2656 lrabeat,
1404 2586 1445 2637 ex

369 2679 546 2756 fleumatis
569 2681 799 2772 reumatismo
820 2705 1019 2778 progressa,
1044 2663 1165 2751 tamen
1190 2679 1384 2778 aliquando
1401 2681 1447 2753 ad

369 2797 530 2868 maxillas
545 2812 581 2868 et
605 2821 725 2893 genas,
752 2796 952 2895 aliquando
965 2797 1017 2872 ad.
1031 2813 1189 2870 toracem
1206 2812 1242 2869 et
1252 2798 1447 2898 pulmones

369 2926 549 2984 tumorem
570 2909 798 2986 cumdolore
822 2915 920 3010 gravi
938 2915 1107 2985 immittit.
1130 2914 1269 3002 Quibus
1283 2916 1447 2994 tumenti·

368 3026 438 3098 bus
462 3043 571 3124 atquc
593 3028 809 3118 ferventibus
833 3045 978 3128 excepta
1007 3031 1098 3104 initii
1120 3011 1199 3121 die,
1219 3047 1304 3135 post
1326 3031 1445 3106 diatri-

369 3158 459 3233 tum,
486 3145 682 3243 patientem
711 3147 866 3244 perimit.
891 3135 939 3217 ¹ln
962 3147 1058 3218 hanc
1082 3148 1188 3245 igitur
1211 3149 1294 3220 Odo
1312 3149 1443 3248 lapsuS,

368 3261 504 3333 infestis
531 3261 622 3359 gulae
643 3262 829 3335 doloribus
851 3265 1130 3361 circumquaque
1146 3264 1372 3362 pulsabatur;
1394 3292 1446 3337 ar-

368 3378 537 3450 teriarum
565 3405 720 3480 quoque
733 3380 863 3469 fervor,
885 3382 1059 3455 sermonis
1077 3381 1343 3478 intercisionem
1360 3408 1445 3483 ope-

368 3493 524 3566 rabatur.
550 3498 621 3566 Nec
639 3497 740 3594 petiit
757 3495 964 3593 hujusmodi
983 3496 1089 3568 dolor
1105 3499 1229 3597 capitis
1247 3499 1442 3597 superiora,

368 3624 405 3682 at
417 3611 615 3707 praecordia
625 3629 882 3712 pertemptans,
903 3614 1115 3712 pulmonem
1132 3628 1168 3686 et
1178 3639 1265 3713 epar
1275 3631 1445 3713 peracuto

367 3727 495 3801 dolore
512 3728 727 3801 stimulabat.
750 3730 830 3802 Fuit
848 3731 967 3827 itaque
981 3731 1134 3810 militum
1147 3731 1277 3823 luctus,
1299 3732 1446 3804 famulo-

367 3869 449 3914 rum
462 3843 611 3934 clamor,
632 3845 846 3916 feminarum
856 3846 1030 3942 ,frequens
1047 3847 1270 3938 exclamatio,
1288 3873 1333 3920 eo
1347 3848 1446 3946 quod

323 3965 324 3968 ’
369 3958 560 4043 dominum
576 3961 820 4036 inconsultum
832 3962 1054 4054 amittebant,
1071 3977 1107 4036 et
1124 3966 1216 4036 natis
1233 3964 1445 4040 dominandi

404 4183 418 4215 *
437 4183 508 4248 obt,
526 4183 587 4236 odo
600 4185 704 4236 abscisa.

402 4265 409 4294 ¹
425 4264 572 4322 ¹homocum
585 4266 671 4318 codex.
