3314 5294
332 445 373 505 96
688 439 855 502 lllCllElll
878 441 953 500 tta.
978 441 1037 501 lll.

339 605 355 644 o
377 577 559 674 sanguinis
577 575 739 648 affinitas.
758 575 967 677 Vinciantur
981 575 1153 666 amicicia,
1171 599 1327 673 quorum
1345 573 1416 646 dis·

339 724 357 762 «
379 693 532 766 sidentia
549 694 602 764 rei
615 692 898 792 publicae‘labem
913 693 1036 785 infert,
1056 708 1096 766 'et
1113 693 1306 766 concordia
1326 693 1416 764 utili-

341 819 359 880 (ἑ
380 827 490 886 tatem
506 810 758 884 accommodat
771 810 936 907 viresque
952 810 1139 882 ministrat.
1164 815 1182 877 l

549 1005 661 1060 LXXX.
671 1036 707 1048 —
718 1004 891 1076 Responsio*
906 1005 1011 1058 Ottonis
1023 1004 1057 1058 ad
1069 1005 1158 1058 Gallos
1170 961 1197 1056 *l

390 1157 445 1232 Ad
456 1159 533 1234 haec
547 1163 657 1232 Otto:
678 1189 695 1226 a
712 1159 815 1248 Novi,
828 1186 846 1226 u
862 1158 990 1256 inquit,
1010 1187 1027 1226 «
1044 1171 1217 1255 quantam
1234 1156 1354 1230 labem
1368 1158 1420 1228 rei

344 1307 362 1346 a
379 1276 530 1376 publicae
542 1275 723 1348 discordia
732 1300 970 1376 sepenumero
984 1275 1115 1366 intulit,
1130 1301 1214 1347 cum
1227 1300 1421 1373 regnorum

346 1424 363 1462 a
385 1395 564 1494 principes
577 1408 704 1465 contra
724 1417 762 1464 se
784 1392 980 1490 aliquando
994 1391 1108 1464 moliti
1128 1379 1222 1464 sunt.
1247 1397 1320 1465 Nec
1333 1391 1422 1496 illud

347 1540 363 1578 a
386 1511 493 1582 etiam
506 1511 647 1607 ignoro,
665 1524 799 1607 quanta
817 1508 910 1600 salus
923 1533 989 1607 per
1002 1509 1169 1580 amiciciae
1190 1509 1359 1581 virtutem
1371 1510 1423 1581 rei
1444 1558 1446 1563 -

347 1657 365 1694 α
386 1626 538 1725 publicae
547 1639 756 1725 comparata
767 1625 821 1696 sit.
833 1629 960 1696 Fateor
973 1624 1148 1696 hactenus
1157 1651 1216 1696 me
1227 1624 1424 1724 plurimum

348 1773 366 1813 a
387 1744 539 1816 coluisse
558 1768 685 1843 pacem
706 1757 741 1814 et
768 1724 1021 1832 concordiam}
1046 1742 1198 1814 invidias
1222 1757 1330 1841 atque
1353 1743 1423 1816 dis·

349 1891 366 1930 «
388 1861 530 1933 cordias
550 1859 824 1956 malignantium
844 1859 929 1930 odio
951 1885 1092 1958 semper
1111 1858 1290 1932 habuisse.
1319 1864 1426 1932 Com·

351 2008 368 2046 a
390 1991 572 2076 ponantur
586 2001 670 2072 ergo
684 2000 827 2072 pervus
840 1976 951 2046 animi
965 1975 1226 2065 dissidentium,
1243 2000 1328 2047 nam
1341 1975 1426 2047 huic

353 2125 370 2164 κ
392 2094 445 2165 rei
459 2118 523 2164 vos
534 2091 641 2186 video
655 2091 873 2191 aptissimos,=
887 2091 960 2188 'qui
972 2105 1054 2161 ante
1072 2090 1141 2162 hac
1154 2105 1281 2162 mutua
1292 2091 1428 2162 lesione

353 2241 371 2276 a
392 2211 445 2282 rei
464 2207 615 2308 puhlicae
635 2205 831 2304 plurimum
851 2206 1112 2304 derogavimus.
1151 2208 1298 2279 Consilii
1322 2209 1430 2280 vestri

354 2358 372 2396 a
393 2326 570 2399 rationem
583 2322 758 2423 approbo.
772 2324 883 2395 Dictis
895 2323 1042 2395 tandem
1056 2324 1392 2397 factaconsentiant.
1410 2353 1428 2392 >t

352 2445 473 2541 Legati
494 2442 726 2542 persuasione
745 2440 867 2512 habita
897 2440 1070 2530 redeunt,
1104 2437 1302 2539 ambosque
1331 2467 1431 2538 reges

352 2560 554 2635 alterutrius
574 2557 853 2630 benivolentiam
867 2557 914 2629 ad
932 2558 1142 2630 alterutrum
1161 2557 1374 2649 referentes,
1393 2559 1432 2630 in

355 2678 514 2750 amicicia
527 2661 764 2773 componunt.
782 2675 1016 2746 Constituitur
1028 2691 1171 2774 tempus
1187 2675 1429 2775 colloquendi.

356 2797 471 2864 Locus
488 2791 633 2886 utrique
651 2775 867 2860 commodus
885 2787 1087 2886 deputatur.
1105 2795 1149 2887 Et
1161 2790 1246 2887 quia
1258 2793 1353 2862 circa
1366 2792 1433 2862 ssu-

356 2911 456 2981 vium
468 2910 607 2977 Mosam
625 2929 735 3002 regna
748 2904 939 2977 amborum
957 2905 1300 2998 conlimitabant‚'in
1313 2909 1434 2980 locum

358 3026 421 3122 qui
433 3022 624 3119 Margolius
638 3022 780 3113 dicit'ur,
798 3023 847 3093 eis
861 3023 927 3094 sibi
940 3049 1128 3110 occurrere
1141 3025 1296 3123 placuit?

386 3181 390 3198 ‚
426 3163 432 3188 i
478 3209 605 3262 LXXXI.
618 3209 786 3262 -·Lotha1·ii
799 3209 866 3262 etlul
880 3209 986 3262 Ottonis
998 3227 1091 3280 regum
1107 3166 1310 3264 conciliatio&

409 3348 672 3416 Convenerunt¹
685 3367 789 3440 ergo,
817 3342 980 3441 datisque
1006 3343 1155 3435 dextris,
1184 3346 1349 3417 osculum
1371 3345 1438 3417 sibi

360 3463 437 3534 sine
450 3461 566 3559 aliqua
582 3453 840 3561 disceptatione
857 3459 1111 3558 benignissime
1131 3461 1329 3553 dederunt;
1352 3463 1437 3534 ami·

362 3579 487 3651 ciciam
522 3578 730 3665 altrinsecus
765 3559 989 3649 sacramento
1023 3577 1257 3650 stabilierunt.
1291 3578 1438 3677 Belgicae

362 3719 445 3792 pars
475 3718 554 3791 quae
578 3693 615 3763 in
641 3693 702 3765 lite
729 3693 841 3764 fuerat
875 3693 991 3789 injus
1016 3697 1158 3766 Ottonis
1178 3696 1327 3767 transiit.
1352 3700 1439 3768 Otto

362 3813 464 3910 regni
475 3813 531 3882 sui
543 3836 632 3909 pace
647 3810 750 3901 facta,
765 3811 902 3883 ltaliam
915 3811 1028 3910 petiit,
1045 3816 1266 3911 Romamque
1279 3813 1436 3905 devenit,

364 3955 448 4001 suos
467 3930 645 4002 revisurus
663 3943 770 4026 atque
788 3928 834 4001 de
854 3929 1066 4038 regni'statu
1086 3931 1318 4026 quaesiturus;
1339 3955 1439 4003 com·

400 4125 416 4160 *
434 4124 507 4190 osio,
523 4142 553 4177 os
563 4125 668 4176 abscisa.

400 4207 431 4242 ἢ
449 4221 489 4274 et,
502 4208 528 4261 ia
539 4207 643 4260 abscisa.
