3318 5292
377 503 438 573 292
740 503 907 567 menan!
926 505 1002 568 tra.
1028 505 1080 566 lV.

376 636 493 708 tinuit.
515 641 646 710 Contra
662 662 754 735 quos
766 640 872 710 etiam
884 637 1095 731 Gerbertus,
1113 643 1305 712 Remorum
1317 647 1450 712 melro-

375 752 572 850 politanus,
601 753 663 849 qui
686 753 782 826 solus
807 780 850 827 ex
871 755 1064 828 Galliarum
1082 757 1278 855 episcopis,
1307 756 1451 854 regibus

375 867 481 940 etiam
503 869 814 960 interdicentibus,
844 871 1052 963 advenerat,
1071 897 1138 972 pro
1157 898 1194 944 se
1212 898 1450 971 responsurus

372 1009 417 1056 ex
441 987 591 1058 adverso
614 986 755 1059 resedit.
782 987 1029 1060 Consederunt
1055 1013 1200 1086 quoque
1224 989 1446 1060 diversorum

372 1101 536 1174 locorum
554 1102 719 1191 abbates,
741 1129 782 1174 ac
800 1102 918 1175 clerici
935 1105 1112 1177 nonnulli.
1133 1105 1228 1176 Laici
1246 1106 1353 1177 etiam
1372 1108 1447 1175 Go-

372 1216 531 1291 defridus
555 1244 676 1291 comes
700 1245 783 1305 cum
815 1217 957 1291 duobus
983 1220 1063 1293 filiis
1087 1221 1178 1311 suis,
1205 1237 1311 1319 atque
1339 1225 1449 1318 Rage·

373 1366 480 1413 uerus
497 1345 724 1415 Remensium
741 1343 1000 1422 vicedominus.

372 1559 404 1610 C.
418 1589 455 1602 -
467 1561 645 1614 Praelocutio*
664 1561 801 1616 Haimcms
814 1559 987 1618 virdunensis
995 1560 1012 1595 *
1022 1555 1187 1632 episcopide
1200 1576 1278 1637 camp
1290 1559 1306 1592 *
1319 1557 1441 1611 sinodi*.

422 1739 559 1826 Quibus
586 1743 862 1840 circumquaque
883 1739 1084 1829 silentibus,
1111 1739 1299 1836 episcopus
1317 1737 1447 1808 Virdu-

373 1857 504 1945 nensis,
519 1881 562 1928 eo
574 1857 673 1954 quod
684 1858 841 1958 linguam
851 1856 1023 1930 Gallicam
1034 1871 1156 1944 norat,
1172 1879 1316 1927 causam
1327 1853 1446 1927 sinodi

371 1971 574 2066 prolaturus
586 1977 754 2046 surrexit:
772 1963 998 2062 «Quoniam,
1017 2001 1034 2040 a
1045 1972 1222 2069 inquiens,
1242 2001 1259 2038 u
1276 1970 1322 2041 ad
1340 1995 1448 2042 aures

373 2113 393 2151 a
415 2083 540 2156 domui
557 2112 658 2186 papae
675 2089 857 2186 sepissime
875 2087 1055 2189 perlatum.
1068 2101 1139 2175 est,
1157 2089 1350 2157 Remorum
1369 2110 1444 2156 me-

375 2226 394 2265 «
415 2202 584 2298 tropolim
595 2227 793 2302 pervasam,
811 2218 857 2292 et,
871 2218 998 2302 praeter
1007 2203 1066 2298 jus
1077 2217 1112 2273 et
1123 2225 1277 2299 aequum,
1296 2200 1446 2299 proprio

375 2345 393 2383 κ
414 2332 556 2413 pastore
585 2319 804 2411 frustratam,
832 2345 908 2392 non
932 2318 1042 2391 semel
1073 2333 1108 2390 ct
1136 2318 1191 2389 bis
1219 2317 1342 2389 litteris
1366 2343 1447 2414 sug·

374 2462 393 2502 u
414 2437 537 2532 gessit,
555 2439 722 2534 quatinus
740 2437 844 2509 nobis
862 2438 899 2508 in
917 2461 1035 2508 unum*
1049 2434 1223 2523 collectis,
1241 2449 1379 2505 tantum
1397 2433 1446 2505 fa·

375 2578 397 2618 r
414 2553 516 2629 cinus
530 2554 624 2649 justa
641 2553 744 2626 lance
757 2555 937 2652 utrimque
954 2574 1204 2651 pensaremus,
1225 2564 1260 2621 et
1282 2574 1346 2620 sua
1363 2574 1446 2620 auc·

323 2748 326 2753 .
373 2695 393 2736 u
413 2671 554 2741 toritate
564 2695 630 2768 per
642 2694 709 2742 uos
727 2685 928 2743 correctum
939 2669 987 2741 ad
999 2692 1165 2741 normam
1178 2668 1441 2740 reduceremus.

374 2783 670 2882 «sedquoniam
688 2785 903 2883 impediente
920 2810 1041 2856 rerum
1060 2784 1260 2861 diversitate
1276 2783 1311 2853 id
1330 2783 1443 2854 facere

373 2897 632 2988 «distulimus,
661 2924 759 2970 nunc
778 2915 861 2999 post
884 2914 938 2971 tot
963 2899 1238 2971 ammonitiones
1267 2897 1443 2969 domnum

372 3043 391 3082 r
411 3015 509 3086 hunc
522 3015 687 3088 abbatem
705 3021 862 3089 Leonem
881 3032 916 3089 et
933 3015 1152 3088 monachum
1165 3016 1303 3086 mittere
1314 3014 1440 3104 voluit,

372 3165 391 3204 u
412 3138 474 3233 qui
490 3135 586 3209 vices'
599 3163 679 3210 suas
694 3153 829 3229 teneat,
844 3154 880 3210 et
893 3164 969 3210 rem
982 3152 1218 3209 memoratam
1231 3133 1337 3207 nobis
1347 3135 1444 3206 oboe-

371 3284 389 3324 «
410 3253 589 3328 dientibus
611 3256 793 3328 discuciat.
823 3261 890 3328 Per
911 3280 1019 3352 quem
1044 3255 1152 3326 etiam
1176 3253 1348 3351 scriptum
1372 3275 1443 3324 suae

370 3372 601 3445 «voluntatis
627 3373 805 3469 allegavit,
834 3387 875 3443 ut
898 3373 926 3442 si
952 3369 1039 3467 quid
1073 3367 1206 3440 oblivio
1231 3369 1438 3466 derogaret,

370 3518 388 3556 a
410 3491 542 3587 scripto
565 3489 858 3562 commendatum
884 3485 1087 3559 haberetur.
1117 3485 1225 3573 Quod
1252 3500 1288 3556 et
1316 3487 1441 3583 inprae·

368 3635 386 3673 a
408 3607 602 3678 sentiarum
619 3607 744 3679 audire
761 3605 846 3678 utile
860 3621 923 3677 est.
944 3634 962 3671 u
976 3609 1021 3674 Et
1035 3602 1152 3674 statim
1171 3600 1318 3701 protulit
1335 3598 1439 3700 scrip·

365 3737 463 3812 tum,
480 3738 586 3820 atque
599 3725 636 3796 in
654 3750 759 3797 aures
772 3723 1034 3795 considentium
1049 3721 1227 3808 recitavit,
1244 3717 1343 3816 quod
1357 3720 1439 3816 quia

362 3838 525 3913 brevitati
543 3839 740 3928 studemus,
755 3856 792 3914 et
808 3838 913 3913 uobis
928 3840 1046 3912 minus
1061 3838 1126 3908 fuit
1142 3834 1434 3924 accommodum,

299 3953 304 3962 ’
363 3957 492 4028 nostris
504 3957 643 4055 scriptis
661 3958 816 4029 inserere
829 3956 1029 4028 vitavimus.

395 4235 411 4268 *
429 4235 466 4286 tio
477 4274 485 4300 ,
503 4233 556 4300 du,
570 4257 601 4300 e,
614 4235 642 4288 di
654 4235 759 4288 abscisa.
774 4237 831 4302 (Sic
843 4237 944 4302 Perta.)
