3308 5286
378 567 418 624 ii
716 565 882 626 RlCHERI
905 565 981 628 LIB.
1005 566 1065 626 111.

378 721 456 786 sus,
477 695 551 792 lilio
567 697 729 772 defuncti·
736 698 926 772 liberaliter
943 697 1072 786 reddit,
1088 720 1242 793 eumque
1260 691 1343 768 cuin
1355 696 1445 770 rnili-

377 811 470 884 tibus
484 814 567 909 jure
581 831 884 908 sacramentorum
901 815 968 888 sibi
985 815 1141 888 annectit
1156 815 1183 884 ⁴.

870 1053 962 1107 xxti.

388 1182 389 1190 ἵ
426 1193 516 1262 Huic
548 1217 693 1290 quoque
720 1191 845 1292 regalis
871 1191 1063 1266 nobilitatis
1088 1194 1143 1264 vir
1174 1189 1370 1283 Adalbero,
1404 1216 1446 1264 ex

376 1310 601 1382 Mettensium
615 1309 773 1384 similiter
792 1310 961 1408 collegio,
987 1327 1129 1382 strenue
1147 1334 1189 1380 ac
1206 1307 1350 1380 feliciter
1368 1333 1446 1380 suc·

377 1425 491 1495 cessit.
513 1427 585 1512 Qui
602 1442 737 1522 quanto
752 1429 823 1499 suis
840 1427 1031 1526 profuerit,
1048 1441 1085 1498 et
1100 1439 1234 1524 quanta
1250 1424 1296 1496 ab
1313 1423 1448 1496 aemulis

375 1537 456 1636 plus
465 1540 562 1634 justo
579 1565 703 1639 passus
725 1545 785 1636 sit,
806 1569 916 1642 opere
934 1543 1095 1640 sequenti
1113 1538 1360 1615 declarabitur.
1382 1539 1447 1608 Hic

375 1653 413 1726 in
439 1656 541 1728 initio
565 1674 650 1756 post
672 1661 728 1731 sui
751 1661 1044 1759 promotionem,
1077 1657 1260 1730 structuris
1285 1654 1448 1726 aeoclesiae

375 1791 446 1840 sure
468 1771 665 1868 plurimum
694 1773 840 1848 studuit.
868 1777 1034 1848 Fomices
1052 1775 1161 1864 enim,
1182 1773 1245 1869 qui
1265 1771 1311 1843 ab
1328 1769 1448 1842 aeccle-
1541 1769 1543 1774 ’

376 1885 434 1955 siae
455 1887 603 1960 introitu
627 1914 693 1987 per
721 1907 885 1992 quartum
906 1917 999 1991 pene
1024 1893 1132 1965 totius
1160 1887 1336 1962 basilicae²
1368 1910 1448 1985 par·

374 2013 448 2072 tem
493 2005 664 2077 eminenti
699 2022 874 2080 structura
908 2006 1203 2080 distendebantur
1232 2005 1261 2096 ⁸,
1307 2004 1449 2102 penitus

283 2113 290 2132 ⁸
376 2115 496 2189 diruit.
531 2120 634 2192 Unde
666 2137 701 2193 et
736 2124 908 2223 ampliore
940 2121 1190 2223 receptaculo,
1223 2136 1258 2193 et
1288 2117 1449 2216 digniore

376 2249 549 2326 scemate,
581 2252 657 2309 tota
678 2239 833 2312 aecclesia
852 2241 1018 2314 decorata
1046 2255 1110 2311 est.
1138 2241 1277 2336 Corpus
1305 2257 1450 2332 quoque
1483 2315 1487 2323 ¹

377 2350 489 2421 sancti
526 2352 661 2444 Kalisti,
692 2381 793 2453 papae
823 2372 859 2428 et
887 2358 1057 2446 martiris,
1090 2354 1210 2427 debito
1241 2352 1381 2423 honore
1411 2348 1448 2418 in

377 2465 455 2564 ipso
485 2468 647 2541 aecclesiae
664 2471 843 2568 ingressu,
871 2472 953 2544 loco
975 2473 1107 2544 scilicet
1127 2471 1276 2542 editiore
1290 2459 1318 2557 ⁴,
1339 2463 1449 2535 collo·

378 2583 486 2673 cavit3
519 2583 640 2682 ibique
670 2586 779 2660 altare
815 2588 1001 2678 dedicans,
1035 2587 1232 2661 oratorium
1258 2577 1448 2656 fundendis

378 2701 455 2768 Deo
473 2701 637 2796 precibus
661 2703 993 2792 commodissimum
1018 2705 1162 2802 aptavit.
1192 2702 1307 2774 Altare
1329 2695 1449 2796 praeci·

377 2838 508 2909 puum,
532 2816 696 2888 crucibus
720 2813 845 2890 aureis*
860 2820 1074 2916 insigniens,
1090 2817 1254 2890 cancellis
1267 2815 1448 2908 utrimque

379 2928 597 3002 radiantibus
624 2933 812 3006 obvelavit.

863 3101 969 3154 XXIII.

428 3207 548 3280 Preter
571 3207 646 3280 haec
670 3211 776 3282 etiam
798 3209 906 3284 altare
935 3211 1164 3308 gestatorium
1192 3232 1266 3279 non
1301 3203 1443 3277 viliori⁵

380 3344 489 3418 opere
522 3323 666 3398 effinxit.
701 3329 815 3425 Super
850 3327 967 3425 quod,
997 3327 1180 3400 sacerdote
1209 3323 1306 3424 apud
1333 3325 1448 3396 Deum

381 3452 531 3535 agente,
570 3440 718 3513 aderant
756 3459 909 3540 quatuor
946 3443 1239 3543 evangelistarum
1280 3465 1451 3539 expressae

381 3580 469 3627 auro
494 3571 530 3628 et
554 3573 700 3654 argento
725 3561 919 3657 imagines,
946 3560 1090 3658 singulae
1113 3562 1151 3631 in
1172 3559 1317 3656 singulis
1339 3583 1448 3654 angu-

421 3811 429 3839 ¹
450 3815 510 3860 Hoec
522 3809 579 3862 inde
593 3832 608 3861 a
614 3817 717 3883 paginae
732 3817 811 3876 initio,
822 3815 923 3867 vocibus
931 3817 1039 3868 scilicet:
1050 3815 1084 3868 Et
1091 3817 1212 3870 Tetbaldi
1228 3817 1334 3887 quidem
1347 3817 1413 3882 filio,
1426 3820 1453 3868 in

384 3894 437 3946 loco
450 3913 505 3946 raso
517 3895 548 3946 ab
561 3908 659 3948 auctore
673 3900 764 3969 scripta
780 3913 852 3961 sunt,
874 3900 931 3952 aliis
941 3913 1046 3972 qvattvor
1060 3902 1130 3954 lineis
1149 3906 1223 3954 erasis
1236 3904 1336 3973 janque
1356 3903 1451 3954 vacuis.

387 3983 445 4028 Tum
455 3982 620 4052 prosequitur.

417 4063 428 4093 ²
447 4061 554 4116 oratorii
565 4083 627 4116 corr.
641 4065 761 4120 basilicas.

419 4151 429 4174 ³
449 4146 644 4200 distendebatur
656 4170 718 4200 corr.

419 4231 431 4262 ⁴
448 4233 619 4286 eminentiore
633 4257 694 4287 corr.
711 4239 830 4292 editiore.

420 4320 430 4348 ³
450 4320 544 4371 minori
559 4340 621 4371 corr.
636 4322 732 4374 viliori.
