3320 5296
389 499 449 558 206
743 485 1004 554 nitentum.
1029 482 1084 554 lv.

386 624 625 698 exulaverant.
656 622 741 696 Rem
772 623 977 697 familiarem
1002 631 1041 696 ut
1065 632 1147 694 ante
1176 621 1389 720 disponunt,
1414 624 1450 694 in

388 740 488 813 nullo
523 729 741 829 dubitantes,
774 755 810 812 et
840 763 966 838 pacem
995 736 1226 840 postmodum
1256 745 1448 838 sperantes.

385 857 530 928 Clarum
549 881 660 955 ‘quem
681 857 844 929 amiserat
862 857 997 949 revisit,
1021 858 1124 955 eique
1143 857 1369 954 compatitur,
1388 855 1451 929 be*

388 972 619 1045 nivolentiam
635 970 807 1073 spondet,
828 987 909 1045 uta
930 997 966 1044 se
989 989 1064 1044 non
1088 970 1253 1044 deficiant
1275 955 1448 1046 hortatur.

389 1099 581 1195 Postquam
595 1098 676 1168 satis
690 1095 857 1194 colloquii
873 1089 955 1167 cum
972 1095 1044 1168 suis
1057 1095 1193 1184 habuit,
1210 1094 1256 1165 de
1269 1094 1453 1167 securitate

389 1209 473 1286 lidei
483 1227 519 1284 et
532 1212 643 1304 urbis,
657 1235 678 1284 a
690 1212 820 1284 Karoln
831 1213 1052 1284 convenitur.
1067 1212 1136 1300 Qui
1147 1212 1198 1283 'sic
1212 1235 1313 1282 orsus
1326 1211 1449 1308 coepit}

391 1359 410 1397 u
431 1330 610 1418 Quoniam
639 1329 810 1400 Divinitas
839 1329 876 1399 in
906 1321 1074 1402 omnibus
1101 1329 1317 1417 misericors,
1350 1328 1455 1398 etiam

391 1476 410 1516 a
431 1437 519 1517 dum
534 1437 650 1544 punit,
667 1433 939 1544 misericorditer
960 1456 1142 1540 operatur,
1154 1443 1252 1540 justo
1274 1442 1349 1539 ejus
1358 1441 1454 1539 judi·

392 1591 410 1630 u
430 1562 546 1634 tiome
558 1576 595 1633 et
608 1560 784 1656 abjectum
798 1573 834 1630 et
847 1555 1031 1656 receptum
1044 1582 1235 1655 cognosco.
1254 1557 1338 1654 Ejus
1350 1554 1457 1654 acqui·¹

392 1707 409 1748 u
431 1692 502 1749 tate
517 1677 584 1750 hac
598 1673 687 1749 urbe
705 1700 763 1747 mc
777 1690 964 1772 exceptum
977 1665 1140 1766 arbitror,
1153 1674 1228 1770 ejus
1240 1671 1456 1770 benignitate

393 1823 409 1864 u
432 1794 532 1892 quod
549 1807 708 1892 superest
723 1792 917 1891 prestolor.
939 1797 1059 1892 lpsum
1080 1793 1205 1882 ctiam,
1224 1815 1290 1862 vos
1307 1801 1342 1863 et
1363 1791 1456 1862 hanc

393 1940 411 1980 u
431 1910 558 1983 urbem
574 1910 662 1982 mihi
687 1909 881 1988 reddidisse
905 1910 1046 2007 opinor.
1078 1912 1105 1979 Α
1136 1912 1210 1978 Deo
1234 1907 1353 2004 itaque
1377 1906 1457 1978 red·¹

393 2057 411 2096 u
434 2027 549 2099 ditum
572 2027 661 2098 mihi
682 2026 827 2123 adjungi
846 2051 978 2123 quaero.
1009 2013 1149 2098 Adsunt.
1162 2039 1302 2115 sancta,
1332 2049 1457 2122 supera

393 2144 555 2241 «ponite
589 2142 787 2232 dexteram,
825 2142 934 2214 fidem
962 2156 1088 2212 contra
1112 2159 1237 2214 omnes
1268 2140 1454 2238 spondete.

394 2287 412 2326 u
433 2258 602 2356 Exceptio
619 2256 717 2328 nulla
735 2259 812 2348 erit,
831 2259 861 2329 si
877 2256 983 2328 vultis
1005 2256 1093 2326 mihi
1106 2271 1227 2328 comes
1244 2253 1334 2327 fieri.
1354 2283 1372 2322 »
1396 2253 1458 2326 llle

391 2375 445 2445 sui
476 2374 550 2446 voti
581 2373 726 2464 avidus,
751 2372 922 2471 quicquid
948 2373 1123 2470 expetitur
1154 2371 1317 2470 spondet.
1346 2373 1459 2472 Super

390 2505 511 2562 sancta
539 2490 698 2563 dextram
727 2488 905 2581 extendit,
930 2513 1005 2561 non
1036 2489 1168 2560 veritus
1192 2487 1311 2584 jurare
1342 2487 1457 2585 quodu

392 2619 544 2702 cumque
564 2606 786 2706 propositum
808 2606 884 2676 luit.
917 2604 1021 2676 Unde
1048 2619 1084 2674 et
1110 2605 1247 2676 cunctis
1266 2602 1455 2694 credtdus,

391 2721 480 2792 nulli
499 2735 680 2819 suspectus
698 2720 774 2792 fitit.
789 2725 829 2792 ln
850 2720 949 2791 nullo
963 2720 1106 2816 negotio
1124 2735 1301 2818 equoque
1313 2721 1454 2791 vitatur.

392 2839 445 2907 De
461 2835 549 2907 urbe
567 2835 777 2926 munienda,
798 2837 873 2934 ipse
894 2837 1011 2933 querit
1029 2851 1064 2908 et
1083 2835 1264 2910 deliberat.
1287 2837 1458 2908 Omnium

393 2977 536 3024 causam
551 2953 757 3024 sciscitatur.
777 2953 1019 3025 Proomnibus
1032 2953 1219 3026 consultat.
1229 2952 1346 3041 Quare
1360 2955 1458 3050 igno·

393 3073 448 3140 'tus
463 3083 610 3140 cunctos
624 3068 737 3140 latuit.

552 3241 666 3296 XLVII.
678 3265 715 3286 -
726 3244 930 3317 comprehensio
941 3244 958 3281 ¹¹
971 3246 1064 3300 Karoli
1074 3245 1108 3298 ab
1119 3243 1295 3298 Adalberotte.

441 3377 577 3447 Interea
591 3401 674 3447 cum
688 3379 808 3450 Karoli
821 3395 1038 3478 suorumque
1051 3379 1211 3452 habitum
1224 3381 1366 3482 penitus
1382 3406 1459 3478 per-

391 3491 550 3584 vidisset,
567 3517 641 3565 sese
658 3495 763 3565 etiam
781 3495 870 3567 nulli
889 3521 963 3568 esse
983 3512 1200 3595 suspectum,
1220 3496 1323 3568 dolos
1340 3497 1458 3569 multi·

393 3607 516 3680 fariam
545 3608 803 3707 praetendebat,
832 3627 872 3683 ut
898 3627 934 3685 et
957 3612 1084 3685 urbem
1104 3612 1182 3684 'sibi
1211 3613 1397 3703 redderet,
1424 3629 1459 3685 et

393 3722 564 3822 Karolum
580 3725 653 3821 regi
672 3741 815 3822 captum
831 3726 996 3799 traderet.
1012 3727 1131 3799 Karoli
1149 3729 1265 3825 itaque
1280 3727 1457 3825 colloquio

393 3841 504 3940 utitur
531 3842 675 3940 saepius,
707 3842 982 3936 benivolentiam
1015 3845 1149 3942 profert
1183 3844 1345 3941 amplius.
1376 3847 1458 3916 Sese

393 3979 537 4052 quoque
565 3956 595 4027 si
621 3971 783 4053 oporteat
818 3959 1045 4029 sacramentis
1073 3960 1183 4056 magis
1215 3958 1458 4056 stringendum

395 4071 776 4164 ollert31antacautela
794 4072 989 4146 calliditatis
1008 4099 1103 4166 usus,
1116 4091 1157 4147 ut
1174 4076 1320 4147 omnino
1336 4075 1458 4148 dolum

429 4245 440 4276 ⁴
458 4247 549 4302 hensio
567 4249 633 4302 abaci
633 4269 694 4301 sssss
