3320 5296
358 537 419 595 192
724 530 890 593 RICHERI
911 529 987 592 LIB.
1013 531 1066 591 IV.

356 665 466 737 duxit.
490 668 607 753 Quam
623 665 740 736 ‘etiam
764 666 905 763 penitus
938 663 1174 764 depopulatus
1207 665 1426 760 combussit3

356 785 405 853 sic
429 781 617 872 efferatus,
649 797 688 854 ut
710 806 777 853 nec
801 781 982 879 tugurium
1008 781 1133 854 saltem
1157 781 1320 855 deliranti
1345 788 1430 858 anui

356 899 581 997 relinqueret.
604 904 688 972 Post
702 900 823 970 animo
839 899 1007 999 praecipiti
1027 900 1219 971 exercitum
1239 901 1277 971 in
1289 901 1430 975 hostem

356 1033 582 1115 retorquens,
616 1017 843 1089 obsidionem
870 1017 1040 1090 adhibere
1061 1018 1250 1096 nitebatur.
1279 1021 1431 1094 Karolus

356 1160 439 1208 cum
463 1138 546 1207 ante
570 1135 637 1207 sibi
659 1135 781 1235 copias
807 1150 979 1232 parasset,
995 1136 1151 1207 venienti
1174 1137 1334 1208 resistere
1350 1139 1431 1210 viri-

355 1250 435 1322 liter
458 1250 667 1322 conabatur.
701 1253 863 1338 Quatuor
892 1250 988 1322 milia
1013 1252 1156 1323 ‘etenim
1191 1267 1431 1350 pugnatorum

355 1366 519 1440 Lauduni
539 1365 746 1464 collegerat,
775 1367 967 1464 animoque
992 1366 1214 1459 firmaverat,
1245 1384 1284 1440 ut
1306 1371 1430 1443 sinon

353 1485 595 1584 impeteretur,
616 1484 829 1581 quiesceret,
846 1499 881 1555 et
895 1483 1084 1574 resisteret,
1102 1485 1132 1555 si
1143 1501 1339 1583 urgeretur.

525 1677 686 1732 XXXVIII.
696 1679 877 1732 -Exercitus
886 1678 904 1714 *
916 1678 1047 1751 tripertito
1059 1679 1075 1716 *
1088 1679 1264 1734 ordinatur*.

313 1859 319 1890 ι
405 1833 478 1900 Rex
504 1830 639 1900 interea
666 1829 860 1900 exercitum
886 1828 1078 1920 inducens,
1106 1829 1227 1902 Karoli
1254 1829 1432 1928 legionem

356 1946 557 2028 ordinatam
579 1953 777 2046 pugnatum
796 1946 904 2018 videt.
926 1948 1134 2020 Exercitum
1150 1972 1234 2045 ergo
1257 1949 1431 2047 tripertito

357 2061 496 2153 dividit,
513 2087 559 2134 ne
572 2062 706 2133 multus
721 2063 895 2134 exercitus
908 2061 1004 2135 mole
1017 2065 1072 2134 sui
1085 2079 1261 2160 gravatus,
1278 2065 1432 2164 propriis

357 2177 492 2248 viribus
513 2176 750 2248 frustraretur.
777 2181 861 2248 Tres
887 2178 1007 2273 itaque
1027 2181 1119 2250 acies
1139 2179 1339 2269 constituit,
1359 2179 1432 2278 pri·

357 2317 454 2368 mam
476 2292 561 2364 belli
578 2293 714 2392 primos
734 2294 910 2392 impetus⁴
936 2293 1126 2384 inituram,
1148 2293 1341 2367 secundam
1355 2317 1434 2391 quae

357 2409 490 2481 labenti
516 2424 757 2500 succurreret,
786 2411 951 2507 viresque
982 2409 1149 2501 referret;
1179 2412 1319 2482 tertiam
1345 2435 1431 2482 vero

356 2525 478 2625 spoliis
492 2525 683 2625 eripiendis
705 2525 895 2598 ordinavit.
922 2526 1061 2613 Quibus
1083 2511 1132 2597 sic
1146 2525 1265 2598 divisis
1285 2540 1320 2598 et
1338 2525 1432 2597 ordi·

357 2641 461 2726 natis,
477 2641 594 2740 prima
605 2633 698 2712 acies
718 2641 825 2736 signis
847 2641 972 2712 erectis
993 2665 1225 2737 congressura
1247 2665 1330 2712 cum
1348 2665 1431 2737 rege

255 2784 261 2792 ·
357 2756 563 2846 incedebat,
585 2755 729 2852 reliquae
743 2756 821 2827 duae
833 2755 921 2828 locis
934 2750 1134 2828 constitutis
1147 2772 1277 2856 paratae
1290 2782 1432 2830 succum

357 2899 436 2946 rere
449 2871 738 2973 opperiebantur.
842 2925 844 2932 .

827 3033 957 3088 XXXIX.

406 3168 558 3241 Karolus
576 3193 660 3240 cum
673 3183 827 3265 quatuor
845 3168 988 3239 milibus
1002 3167 1128 3239 obvius
1141 3167 1319 3266 procedit,
1336 3192 1431 3251 sum·

358 3306 455 3354 mam
479 3280 707 3352 Divinitatem
737 3280 908 3351 invocans
938 3293 977 3350 ut
1001 3278 1046 3350 ab
1072 3279 1268 3351 innumeris
1298 3304 1431 3377 paucos

358 3417 537 3502 protegat3
555 3400 773 3473 multitudini
790 3426 866 3472 non
887 3383 1091 3491 fidendum,
1115 3416 1151 3472 et
1166 3401 1335 3499 paucitati
1355 3425 1431 3472 non

357 3518 595 3590 diffidendum
619 3517 851 3592 demonstret.
879 3523 997 3608 Quem
1016 3519 1242 3590 incedentem
1265 3519 1432 3590 Amulfus

357 3615 592 3709 comitabatur
613 3662 696 3709 suos
717 3635 936 3728 adhortans,
965 3652 1006 3709 ut
1030 3638 1150 3709 animo
1175 3636 1256 3708 forti
1282 3651 1427 3709 starent.

357 3753 522 3825 Ordinati
547 3769 583 3825 et
606 3754 746 3827 indivisi
775 3753 1023 3853 procederent.
1051 3759 1104 3826 De
1127 3754 1275 3826 victoria
1305 3778 1326 3824 a
1351 3759 1429 3827 Deo

355 3870 457 3943 nullo
475 3870 587 3943 modo
612 3869 825 3954 diffiderent.
854 3873 891 3944 si
908 3871 1054 3945 viriliter
1077 3872 1243 3943 invocato
1266 3875 1344 3942 Deo
1362 3887 1430 3944 sta-

357 4003 453 4079 rent,
478 4014 562 4083 eum
595 3985 706 4060 multa
736 3988 847 4084 gloria
874 4003 909 4060 et
936 3988 1028 4060 fama
1053 3989 1240 4062 victoriam
1264 3990 1303 4060 in
1329 3988 1428 4064 brevi

391 4207 406 4240 *
426 4219 483 4270 tus,
497 4225 529 4270 o,
544 4219 586 4259 tur
601 4206 705 4258 abscisa.

392 4293 399 4322 ¹
420 4292 545 4342 tumultus
557 4310 620 4342 corr.
634 4291 755 4361 impetus.
