3314 5294
348 524 407 586 104
698 529 866 590 RICllElll
891 529 967 589 LlB.
993 530 1053 589 llI.

343 660 421 734 solo
452 662 622 760 episcopo
649 661 949 752 introduceretur,
983 677 1022 733 ut
1053 686 1136 758 rege
1165 661 1335 733 latiariter
1364 662 1424 733 lo·
1496 685 1499 690 ·

344 793 496 875 quente,
518 779 706 877 episcopus
728 780 909 850 latinitatis
934 781 1128 878 interpres,
1150 779 1234 850 duci
1252 779 1424 877 quiequid

345 898 523 972 diceretur
541 901 725 972 indicaret.
752 903 961 998 lntrogressi
981 902 1109 999 igitur,
1137 926 1158 973 a
1182 926 1264 999 rege
1288 902 1424 998 ingenti

345 1023 468 1094 favore
480 1026 618 1121 excepti
631 1039 725 1095 sunt.
745 1028 818 1096 Rex
831 1025 1043 1120 injuriarum
1058 1025 1241 1124 querelam
1252 1025 1421 1125 deponit3

345 1155 381 1210 et
392 1139 557 1211 osculum
568 1141 671 1231 dans,
687 1142 836 1239 gratiam
846 1143 901 1213 sui
913 1142 1116 1215 favoraliter
1123 1146 1239 1215 amico
1252 1143 1421 1242 impertit.

347 1262 431 1329 Post
438 1259 551 1329 multa
564 1259 745 1357 colloquia
758 1259 804 1330 de
815 1259 977 1330 amicicia
986 1259 1167 1351 habenda,
1182 1286 1266 1331 cum
1280 1286 1341 1331 rex
1355 1260 1427 1330 exi·

345 1390 412 1462 ret,
431 1374 660 1472 gladiumque
679 1376 873 1475 respiciens
890 1390 1045 1474 peteret,
1062 1376 1135 1447 dux
1153 1376 1341 1477 paululum
1355 1401 1375 1446 a
1388 1401 1426 1448 se

346 1489 535 1562 discedens
546 1517 583 1563 se
591 1490 985 1589 inclinavitutgladium
993 1491 1146 1584 tolleret,
1164 1518 1205 1563 ac
1216 1508 1427 1591 postregem
1500 1515 1509 1532 ·

344 1607 468 1698 serret3
479 1607 547 1678 hac
559 1609 656 1679 enirn
669 1633 777 1679 causa
786 1633 894 1706 super
903 1609 1027 1680 sellam
1035 1608 1181 1681 relictus
1189 1609 1267 1699 fuit,
1279 1625 1320 1681 ut
1337 1610 1427 1681 dum

344 1725 580 1798 duxcunctis⁴
595 1724 818 1798 videntibus⁴
838 1726 1015 1823 gladium*
1036 1727 1156 1817 ferret,
1164 1728 1201 1797 in
1209 1742 1395 1826 posterum
1410 1729 1418 1764 ⁴

345 1843 454 1915 etiam
473 1866 510 1913 se
523 1843 772 1940 portaturum⁴
791 1842 966 1930 indicaret
982 1844 1008 1915 ¹.
1032 1846 1231 1944 Episcopus
1242 1870 1329 1916 vero
1344 1845 1428 1916 duci

346 1959 556 2049 consulens,
579 1959 736 2056 gladium
755 1958 801 2030 ab
822 1959 897 2055 ejus
916 1986 1026 2031 manu
1042 1962 1179 2059 rapuit,
1194 1963 1317 2060 etipse
1331 1961 1428 2033 defe-

346 2101 429 2147 rens
449 2091 531 2174 post
554 2100 674 2173 regem
702 2077 856 2147 incessit.
887 2077 996 2172 Cujus
1019 2077 1249 2174 prudentiam
1269 2076 1376 2147 simul
1394 2093 1430 2149 et

347 2187 513 2258 astutiam
538 2212 601 2259 rex
625 2186 840 2277 admiratus,
865 2187 963 2285 apud
990 2213 1074 2262 suos
1097 2203 1224 2288 postea
1250 2214 1327 2260 non
1353 2189 1429 2259 sine

347 2302 455 2375 laude
474 2304 593 2404 sepius
611 2303 859 2400 frequentavit.
884 2309 1023 2376 Ducem
1046 2330 1192 2403 quoque
1218 2306 1256 2376 in
1274 2305 1430 2404 plurima

348 2422 511 2492 amicicia
528 2435 751 2520 susceptum,
777 2445 862 2492 curn
879 2420 1020 2493 honore
1043 2437 1079 2494 et
1096 2447 1185 2519 pace
1203 2449 1297 2522 pene
1316 2448 1430 2520 usque

347 2538 395 2611 ad
414 2538 518 2637 Alpes
532 2537 664 2611 deduci
677 2537 772 2636 lecit.

534 2910 686 2963 LXXXVI.
699 2939 736 2950 —
746 2911 865 2982 Epistola
877 2909 996 2962 lotharii
1012 2909 1047 2962 ad
1060 2907 1244 2962 Chonradum.

402 3070 592 3143 Lothmius
604 3095 684 3161 rex,
698 3095 843 3143 necnon
860 3085 896 3142 et
913 3075 1041 3142 Emma
1054 3070 1177 3166 regina
1193 3069 1339 3140 insidias
1355 3066 1433 3140 ubi·

354 3215 425 3289 que
442 3188 639 3289 parabant,
664 3203 700 3259 et
723 3189 815 3259 utin
843 3188 970 3259 itinere
999 3186 1213 3258 redeuntem
1244 3201 1430 3283 caperent,

354 3308 459 3381 dolos
485 3304 766 3406 praetendebant.
805 3305 915 3400 lgitur
945 3303 1114 3375 Conrado
1152 3303 1434 3374 alemannorum

353 3428 428 3525 regi
441 3424 630 3525 epistolam
647 3422 776 3520 legavit
793 3421 893 3494 hunc¹
909 3421 1061 3493 modum
1078 3420 1273 3492 habentem
1294 3448 1302 3491 ε
1328 3451 1346 3489 κ
1367 3425 1435 3492 Lo·

356 3569 374 3608 a
397 3537 532 3608 tharius
550 3540 771 3606 Francorum
796 3532 907 3629 gratia
927 3532 993 3604 Dei
1019 3558 1100 3621 rex,
1124 3531 1292 3603 Conrado
1316 3531 1329 3568 ²
1358 3532 1435 3603 Ale-

358 3686 375 3724 a
398 3676 616 3742 marmorum
628 3651 703 3748 regi
719 3649 891 3748 quicquid
909 3650 988 3721 sibi.
1012 3650 1217 3720 Amiciciam
1228 3650 1322 3720 inter
1334 3673 1435 3720 nosa

358 3804 375 3842 a
397 3770 513 3843 multo
525 3785 688 3868 tempore
700 3768 943 3857 constitutam,
957 3765 1210 3839 inviolabiliter
1222 3790 1435 3839 conservare

360 3921 377 3959 a
399 3913 541 3987 semper
559 3885 648 3957 mihi
668 3900 807 3983 gratum
829 3885 907 3955 fuit.
929 3883 1038 3980 Cujus
1063 3883 1199 3955 fructus
1223 3906 1350 3954 cuma
1376 3907 1435 3953 me

358 4037 376 4074 «
399 4004 584 4103 multiplex
598 4004 693 4074 exire
706 4002 835 4093 valeat,
857 4001 942 4073 utile
961 4001 1047 4072 duxi
1065 3995 1240 4098 quiddam
1257 3999 1361 4072 vobis
1379 4000 1434 4070 in·

394 4233 402 4262 ¹
424 4248 508 4294 cunc,
522 4230 588 4294 bus,
601 4230 661 4300 gla,
676 4230 703 4281 in
719 4242 793 4300 post,
806 4249 821 4281 e
833 4245 893 4300 por,
906 4229 988 4282 iceret
999 4247 1029 4278 ea
1043 4229 1146 4296 conject,

391 4313 403 4346 ²
422 4309 559 4364 conrando
571 4310 657 4362 codex.
