3320 5296
366 537 424 598 roa
542 567 544 570 -
719 527 885 620 mensal
910 527 983 591 tta.
1010 527 1064 586 1v.

361 667 593 766 querimoniis
606 663 791 736 excitabat.
807 664 877 750 Qui
890 661 1043 733 lacrimis
1056 658 1231 732 suffusus:
1249 657 1395 730 «Video
1413 689 1432 726 J>

361 777 478 884 inquit
497 813 515 852 u
538 797 678 854 aetatem
707 805 825 884 mearn
856 777 1070 878 procedere,
1103 792 1138 849 et
1163 801 1222 848 me
1250 775 1368 874 ipsum
1394 777 1434 846 in

364 911 383 971 (ὁ
403 903 495 991 dies,
516 899 721 999 patrimonii
743 897 850 969 rebus
867 895 959 967 exui.
978 894 1082 965 Unde
1102 919 1170 966 nec
1188 895 1263 965 sine
1281 893 1435 964 lacrimis

325 1023 329 1030 “
363 1045 381 1085 n
403 1017 570 1115 parvulos
591 1040 692 1086 meos
710 1014 865 1111 aspicere
882 1011 1003 1102 valeo,
1024 1011 1170 1082 infelicis
1194 1012 1352 1107 germina
1373 1035 1437 1107 pa-

362 1161 380 1202 n
402 1135 476 1204 tris.
499 1133 637 1220 Quibus
656 1131 775 1230 potius
788 1143 913 1202 auctor
929 1153 1010 1200 sum
1025 1129 1136 1200 futuri
1152 1128 1304 1217 doloris,
1325 1151 1433 1226 quarn
1513 1145 1531 1160 ·

362 1279 379 1318 a
400 1250 561 1340 honoris.
583 1251 672 1344 Satis
690 1248 810 1320 infelix
827 1261 929 1346 pater
946 1245 1014 1336 tui,
1035 1247 1098 1342 qui
1120 1247 1210 1316 natis
1232 1245 1354 1317 adesse
1376 1245 1436 1316 vix

361 1393 378 1434 r<
401 1366 594 1464 aliquando
609 1366 722 1463 potui.
745 1364 815 1436 Sed
834 1363 959 1434 saltem
976 1387 1042 1434 vos
1059 1363 1163 1434 amici
1181 1362 1354 1434 consulite
1372 1362 1437 1432 do-

361 1512 379 1550 «
401 1482 487 1554 lenti
521 1484 630 1580 patri,
665 1480 851 1552 subvenite
882 1480 1051 1551 destituto
1082 1480 1232 1578 parenti.
1269 1479 1435 1552 Adestote

361 1629 378 1667 n
401 1599 492 1672 natis
523 1599 559 1669 in
590 1613 689 1670 aetate
717 1599 909 1669 tenerrima
940 1621 1106 1669 erumnas
1130 1596 1203 1692 jam
1229 1597 1432 1668 scientibus.

359 1746 376 1783 n
400 1715 589 1787 Providete
607 1715 751 1811 abjectis
768 1715 806 1788 in
821 1739 935 1803 casus,
951 1739 1003 1786 an
1022 1713 1278 1789 inrevocabiles
1299 1715 1433 1804 nescio,

267 1841 271 1849 ’
359 1834 554 1905 «exituris.
586 1831 740 1902 Suadeat
757 1831 860 1902 vobis
884 1830 1008 1903 saltem
1030 1830 1210 1926 sanguinis
1235 1832 1438 1902 communis

360 1979 377 2017 n
399 1947 550 2025 affinitas
565 1933 595 2018 'J
615 1947 768 2018 Suadeat
782 1963 817 2019 et
830 1947 996 2020 nobilitas
1009 1972 1084 2017 non
1099 1947 1328 2043 neglegenda.
1351 1952 1437 2019 Sua·

360 2096 377 2133 α
400 2065 482 2136 deat
500 2081 534 2136 et
560 2065 863 2162 recompensatio,
885 2064 1026 2161 quaesit
1052 2089 1126 2135 non
1152 2047 1238 2137 sine'
1251 2065 1437 2165 multiplici

360 2213 376 2250 a
399 2182 513 2254 fructu
533 2180 701 2252 reditura.
728 2211 745 2246 u

862 2368 1004 2435 Xqu

400 2511 629 2578 Mox'omnes
650 2505 824 2575 commoti
840 2504 869 2594 ²,
893 2503 1063 2576 auxilium
1076 2505 1274 2603 spondent,
1300 2521 1336 2578 et
1360 2533 1437 2580 sese

358 2623 404 2695 ad
417 2621 660 2694 auxiliandum
673 2620 937 2718 promptissime
950 2636 1089 2718 parant.
1107 2625 1271 2708 Quorum
1288 2623 1438 2695 consilio

358 2765 462 2830 usus,
480 2739 722 2836 exploratores
742 2737 894 2808 llarolus
911 2741 1051 2817 mittere
1064 2740 1177 2836 cepit,
1193 2741 1257 2835 qui
1268 2741 1439 2838 sagaciter

357 2854 623 2954 perpenderent
654 2855 684 2925 si
712 2878 782 2951 qua
811 2854 1035 2951 oportunitas
1063 2869 1220 2952 pateret,
1253 2866 1325 2953 qua
1346 2862 1437 2929 Lau·

359 2971 499 3054 dunum
513 2966 653 3066 ingredi
669 2970 813 3041 valeret.
838 2970 971 3041 Directi
992 2971 1292 3067 investigaverunt
1310 2973 1438 3072 depre-

358 3089 635 3184 henderuntque
654 3089 792 3159 nullum
813 3087 949 3158 aditum
961 3103 1096 3185 patere.
1113 3093 1204 3160 Cum
1226 3091 1439 3188 quibusdam

359 3223 480 3280 tamen
500 3205 636 3277 civibus
654 3197 831 3277 secretum
853 3205 1055 3297 contulere,
1079 3205 1167 3302 qui³
1192 3205 1357 3278 effectum
1378 3235 1441 3280 ne-

362 3322 458 3420 gotio
472 3338 675 3419 quererent.
693 3326 774 3409 Quo
790 3337 951 3419 tempore
961 3321 1150 3412 Adalbero,
1167 3323 1327 3419 ejusdem
1341 3325 1440 3397 urbis

363 3440 571 3538 episcopus,
601 3437 673 3509 suis
707 3436 844 3508 civibus
876 3437 957 3535 plus
985 3437 1253 3536 justo‘injurias
1284 3443 1331 3514 de
1361 3443 1440 3541 lege

362 3555 499 3650 agraria
516 3553 706 3650 irrogabat.
728 3552 832 3624 Unde
852 3554 1058 3657 quidamab
1082 3581 1126 3627 eo
1149 3556 1300 3629 latenter
1319 3559 1440 3630 animo

364 3669 603 3758 discedentes,
640 3668 990 3766 benivolentiamque
1022 3671 1249 3765 simulanteS,
1282 3675 1442 3771 explora·

366 3787 502 3861 toribus
515 3785 686 3857 Karolum
699 3811 775 3856 sese
788 3787 825 3855 iu
845 3785 972 3857 urbem
990 3804 1196 3887 recepturos
1213 3791 1437 3888 promittunt.

405 3997 412 4030 ¹
434 4015 460 4051 a.
472 3996 587 4065 aliquam
599 3993 804 4047 misericordiam
817 3995 952 4049 ostendere
966 3995 1054 4049 deletu.

403 4080 415 4108 ²
434 4079 493 4144 Qua
505 4097 532 4130 o.
547 4098 571 4130 c.
587 4077 773 4148 conquestione
784 4078 873 4129 deleta.

404 4165 415 4192 ³
434 4181 460 4230 q.
477 4175 503 4214 ct
515 4165 597 4216 celare
611 4177 715 4234 possent
726 4178 750 4216 et
763 4161 850 4213 delata.
