3308 5286
351 442 392 503 rs
706 439 874 503 merram
896 438 1058 517 araur·

546 683 548 690 ,
568 625 671 680 ΠιΙΙΙ.
685 654 721 666 -
732 624 867 679 Adventus
880 625 1003 679 Gerberti
1013 626 1042 678 in
1055 622 1203 680 Galliam*.

396 793 464 863 Cui
481 793 588 866 etiam
605 819 691 865 cum
708 791 805 892 apud
827 817 903 865 sese
924 818 1031 892 super
1056 793 1128 865 hoc
1151 793 1269 890 aliqua
1297 789 1428 865 delibe·

350 923 458 1000 raret,
486 910 532 981 ab
551 911 627 1010 ipsa
640 910 832 982 Divinitate
852 910 1006 982 directus
1023 924 1076 982 cst
1099 906 1334 1001 Gerbertus‘,
1354 932 1426 980 ma·

350 1025 411 1122 gni
429 1025 563 1123 ingenii
581 1051 623 1097 ac
646 1025 727 1097 miri
753 1025 886 1123 eloquii
911 1025 978 1117 vir,
1004 1051 1077 1124 quo
1095 1025 1330 1125 postmodum
1352 1039 1426 1098 tota
1469 1107 1479 1126 ,

350 1139 481 1233 Gallia,
503 1143 576 1214 acsi
588 1142 736 1214 lucerna
757 1141 918 1228 ardente,
942 1140 1166 1214 vibrabunda
1183 1141 1329 1213 refulsit.
1356 1141 1427 1229 Qui

287 1311 302 1330 κ
351 1259 548 1354 Aquitanos
572 1282 715 1355 genere,
743 1258 780 1328 in
804 1257 971 1330 coenobio
989 1259 1102 1330 sancti
1118 1255 1332 1329 confessoris
1360 1259 1429 1329 Ge·

352 1373 446 1445 roldi
472 1397 494 1445 a
520 1398 635 1473 puero
658 1373 781 1465 alitus,
807 1388 844 1445 et
874 1375 1102 1471 grammatica
1124 1373 1273 1447 edoctus
1297 1388 1362 1446 est.
1387 1378 1427 1445 ln

354 1515 429 1588 quo
448 1505 575 1590 utpote
599 1489 807 1586 adolescens
827 1495 911 1562 cu'm
944 1489 1062 1561 adhuc
1090 1491 1250 1562 intentus
1273 1513 1430 1562 morare·

352 1622 423 1699 tur,
440 1608 652 1699 Borrellum,
669 1609 842 1681 citerioris
855 1608 1031 1706 Hispaniae
1044 1606 1188 1698 ducem,
1203 1607 1332 1679 orandi
1350 1611 1428 1703 gra-

353 1723 402 1794 tia
420 1723 467 1795 ad
484 1723 582 1795 idem
600 1721 808 1797 coenobium
831 1723 980 1821 contigit
1000 1723 1198 1794 devenisse.
1224 1723 1296 1809 Qui
1319 1746 1341 1792 a
1361 1720 1431 1794 loci

274 1875 278 1894 =
354 1838 482 1910 abbate
503 1838 761 1912 humanissime
785 1854 973 1937 exceptus,
994 1853 1077 1939 post
1101 1862 1284 1910 sermones
1305 1838 1432 1936 quotli-

354 1955 416 2027 bet
428 1955 457 2047 ²,
469 1981 515 2028 an
529 1957 566 2026 in
582 1956 716 2027 artibus
726 1955 872 2054 perfecti
881 1956 918 2025 in
930 1955 1107 2054 Hispaniis
1120 1953 1332 2044 habeantur,
1352 1954 1433 2026 scis·

355 2073 494 2143 citatur.
516 2054 723 2159 Quod‘cum
737 2071 1002 2170 promptissime
1022 2086 1207 2159 assereret,
1226 2072 1259 2141 ei
1276 2096 1361 2142 mox
1387 2071 1433 2142 ab

356 2189 484 2261 abbate
506 2212 716 2288 persuasum
740 2201 793 2259 est
821 2203 862 2259 ut
884 2211 1033 2259 suorum
1053 2186 1209 2284 aliquem
1226 2189 1431 2287 susciperet,

356 2307 595 2404 secumquein
607 2305 741 2378 artibus
752 2304 961 2380 docendum
971 2305 1129 2378 duceret.
1141 2306 1348 2402 Duxitaque
1359 2329 1434 2377 non

357 2411 538 2513 abnuens,
559 2424 694 2522 petenti
711 2421 1017 2513 liberaliter'favit,
1033 2445 1075 2493 ac
1092 2421 1241 2493 fratrum
1258 2447 1436 2495 consensu

358 2540 573 2614 Gerbertum
597 2555 820 2639 assumptum
840 2539 959 2642 duxit,
977 2553 1084 2636 atquc
1101 2539 1248 2610 Hattoni
1265 2539 1435 2638 episcopo

359 2658 612 2729 instruendum
631 2657 822 2729 commisit.
845 2655 949 2754 Apud
971 2681 1082 2752 quem
1107 2657 1214 2728 etiam
1232 2657 1269 2727 in
1287 2656 1438 2728 mathesi
1462 2693 1464 2697 ·

359 2773 556 2874 plurimum
586 2789 621 2845 et
651 2773 840 2845 efficaciter
867 2771 1015 2843 studuit.
1046 2772 1131 2875 Sed
1146 2797 1230 2843 cum
1263 2772 1437 2844 Divinitas

360 2890 513 2963 Galbam
534 2891 610 2986 jam
634 2889 846 2987 caligantem
875 2914 1005 2985 magno
1030 2888 1166 2961 lumine
1191 2889 1348 2961 relucere
1375 2914 1439 2960 vo·

360 3006 444 3097 luit,
474 3006 650 3103 pradictis
677 3006 760 3077 duci
784 3021 820 3079 et
849 3007 1019 3106 episeopo
1050 3021 1208 3079 mentem
1241 3004 1362 3096 dedit,
1399 3020 1439 3077 ut

362 3126 514 3195 Romam
539 3125 673 3195 oraturi
693 3138 868 3222 peterent.
896 3124 1101 3222 Paratisque
1119 3122 1345 3212 necessariiS,
1372 3122 1439 3192 iter

362 3255 530 3340 carpunt,
562 3264 604 3311 ac
630 3238 896 3311 adolescentem
920 3222 1152 3312 commissum
1176 3262 1298 3310 secum
1330 3235 1440 3308 dedu·

362 3370 460 3428 cunt.
490 3356 578 3429 lnde
605 3355 739 3427 Urbem
762 3357 921 3453 ingressi,
942 3370 1023 3456 post
1041 3381 1173 3455 praeees
1190 3369 1273 3426 ante
1298 3367 1440 3426 sanctos

363 3473 544 3570 apostolos
573 3471 712 3564 effiuas,
737 3472 850 3546 beatae
871 3471 1127 3544 recordationis
1155 3495 1348 3572 papam...
1382 3467 1441 3541 ad-

269 3663 277 3686 ,
363 3603 464 3680 eunt,
485 3613 527 3661 ac
545 3614 621 3662 sese
643 3591 676 3661 ei
697 3589 879 3682 indicant,
899 3589 1070 3688 quodque
1092 3589 1208 3660 visum
1229 3601 1283 3661 est
1305 3585 1351 3657 de
1373 3607 1439 3656 suo

360 3705 619 3802 jocundissime
643 3707 865 3805 impertiunt.
1022 3703 1024 3708 ’

401 3963 418 3997 *
432 3962 546 4016 Galliam
557 3960 686 4013 abscisum.

404 4048 413 4079 ¹
432 4047 486 4119 ΒΝ.
500 4046 588 4099 codex.

402 4133 414 4164 ³
432 4143 537 4185 mutuor
549 4150 612 4183 corr.
626 4129 763 4201 quotlibet.
