3314 5294
340 520 399 580 120
694 499 861 578 arenam
884 517 957 578 ne.
980 517 1040 578 111.

336 644 490 737 bitrans,
512 660 692 745 sceptrum
707 661 745 718 et
756 626 930 719 coronam
947 647 1014 719 sibi
1027 647 1176 746 paravit.
1198 646 1306 734 Quod
1324 646 1413 719 dum

337 752 547 837 aLot'hario
573 764 812 863 expetendum
834 765 1023 862 cogitaret,
1057 789 1212 862 eumque
1241 765 1416 835 concessa'

325 872 555 975 ¹Belgicasibi
569 880 701 950 sotium
710 896 746 952 et
759 881 914 952 amicum
926 880 1040 952 facere
1055 879 1261 970 moliretur,
1276 878 1412 975 legatos

338 997 521 1095 praemisit,
542 997 639 1095 apud
648 1022 740 1094 quos
750 989 766 1088 ,‘
781 1013 1005 1070 sacramento
1019 1021 1213 1070 commuue
1224 995 1416 1093 negocium

337 1110 551 1186 firmaretur.
574 1118 657 1201 Quo
675 1095 783 1187 etiam
800 1130 1044 1204 sacramento,
1066 1115 1207 1211 utrique
1228 1107 1328 1210 reges
1345 1111 1412 1183 sibi

336 1234 613 1333 pollicerentur,
633 1261 709 1308 sese
724 1260 834 1334 super
851 1236 1017 1309 Rhenum
1035 1236 1116 1308 loco
1134 1236 1328 1308 constituto
1347 1233 1413 1305 sibi

337 1367 560 1428 occursuros.

784 1937 788 1946 '
809 1951 938 2006 xcvrn.

388 2122 526 2210 Quibus
543 2148 608 2223 per
631 2123 765 2220 legatos
779 2123 923 2219 juratis,
951 2121 1140 2194 Letharius
1168 2136 1330 2220 tempore
1349 2136 1418 2192 sta·

340 2260 417 2316 tuto
437 2271 521 2317 cum
539 2247 695 2317 exercitu
711 2226 777 2344 per
798 2245 975 2342 Belgicam
998 2245 1192 2331 transiens,
1213 2268 1260 2315 ne
1278 2258 1417 2315 tenere·

339 2378 398 2434 tur
415 2366 627 2441 sacramenti
645 2363 842 2454 obnoxius,
868 2364 914 2435 ad
932 2363 1054 2434 locum
1076 2362 1190 2434 Rheni
1207 2360 1416 2432 condictum

339 2487 495 2560 devenit.
513 2488 635 2560 Hezilo
650 2513 726 2560 sese
739 2501 904 2560 metuens
916 2489 954 2558 in
965 2486 1200 2585 suspitionem
1213 2485 1417 2584 principum

262 2630 264 2634 ·
339 2610 462 2681 venire
491 2609 521 2681 si
551 2609 721 2681 Lethario
747 2624 969 2698 occurreret,
1002 2607 1074 2679 acsi
1098 2632 1182 2679 eum
1202 2606 1240 2677 in
1268 2623 1420 2702 regnum

305 2811 308 2834 ,
340 2727 499 2824 recipere
521 2725 649 2816 vellet,
669 2726 817 2825 perjurii
836 2751 936 2817 reus,
961 2749 1152 2796 occurrere
1177 2722 1324 2794 distulit.
1355 2727 1423 2793 Lo·

340 2842 478 2913 tharius
504 2867 541 2921 se
560 2842 705 2938 illusum
724 2837 915 2914 advertens
940 2842 1065 2932 rediit,
1092 2866 1169 2912 non
1196 2855 1318 2912 tamen
1348 2841 1425 2912 sine

342 2959 495 3031 dillicilis
511 2958 645 3046 laboris
667 2959 915 3032 incommodo.
941 2964 1031 3030 Nam
1049 2957 1163 3056 Belgae
1184 2984 1251 3057 per
1268 2981 1426 3055 quorum
1460 2973 1462 2978 '

342 3075 503 3176 medium
521 3101 606 3148 cum
629 3076 788 3174 equitatu
810 3076 1015 3166 transierat,
1037 3075 1213 3172 indignati
1234 3075 1420 3165 transisse,

341 3195 416 3266 vias
441 3195 663 3292 transpositis
682 3193 871 3264 arboribus
897 3192 1120 3292 impediunt,
1153 3207 1214 3263 aut
1228 3191 1422 3272 ,fossis-in·

343 3311 466 3383 mersis
489 3323 706 3383 revertentes
730 3309 943 3408 prohibent3
971 3336 1047 3381 non
1072 3325 1112 3382 ut
1134 3324 1259 3410 aperto
1289 3334 1418 3408 campo

343 3429 546 3502 comminus
574 3428 764 3517 dimicent,
792 3427 856 3499 sed
880 3427 998 3499 uthis
1020 3429 1286 3528 impedimentis
1312 3451 1421 3499 cunc-

343 3561 458 3619 tantes
473 3571 493 3617 a
506 3562 606 3643 tergo
625 3559 791 3643 urgeant,
813 3558 875 3615 aut
892 3548 1072 3619 montium
1090 3547 1184 3644 jugis
1202 3546 1333 3636 securi,
1354 3569 1420 3644 per

343 3664 511 3736 inferiora
529 3677 752 3734 transeuntes
772 3661 964 3734 missilibus
984 3649 1105 3761 figant.
1132 3669 1177 3734 Et
1198 3664 1282 3761 quia
1296 3675 1421 3760 'aperta

344 3783 461 3853 fronte
479 3794 570 3854 stare
588 3779 710 3850 animo
729 3803 805 3851 non
823 3777 905 3867 tuit,
926 3780 1095 3875 sagittarii
1116 3804 1200 3850 cum
1217 3778 1373 3851 arcubus
1385 3794 1421 3851 et

345 3897 478 3969 balistis
491 3921 556 3996 per
573 3910 746 3966 montana
764 3894 927 3994 dispositi
944 3908 1039 3965 sunt.
1065 3900 1162 3966 Dum
1179 3919 1266 3994 ergo
1289 3895 1421 3966 exerci-

345 4032 403 4088 tus
425 4014 575 4103 subiret,
603 4011 654 4082 illi
678 4037 700 4082 a
723 4012 966 4111 superioribus
988 4012 1076 4084 alios
1094 4015 1227 4110 sagittis
1249 4012 1418 4110 figebant,

347 4133 435 4206 alios
459 4131 605 4202 diversis
630 4128 821 4200 missilibus
844 4128 1061 4202 sauciabant.
1092 4134 1134 4202 At
1156 4131 1290 4201 tirones
1309 4127 1422 4200 sicubi

348 4250 510 4323 ascensui
522 4250 686 4347 pervium
697 4246 817 4319 locum
829 4246 1011 4338 videbant,
1027 4248 1064 4318 in
1077 4245 1284 4342 hujusmodi
1300 4245 1422 4317 hostes
