3318 5292
349 538 410 596 ³00
705 533 871 594 lllCHERl
893 533 965 594 LIB.
989 534 1041 591 lv.

351 697 369 734 κ
390 667 593 739 stitueretur
608 665 817 765 episcopus?
835 669 913 736 lam
936 664 982 737 de
1000 687 1131 761 sponsa
1150 676 1251 759 rapta
1265 661 1423 760 sedeque

352 811 369 847 α
391 804 538 878 pervasa
564 779 663 875 quod
690 779 831 866 dicitur,
862 778 1093 850 ridiculosum
1123 790 1187 847 est.
1211 777 1300 848 Dico
1326 777 1421 847 enim

353 927 368 964 r<
391 897 560 995 primurn,
576 919 774 993 numquam
790 894 882 966 illius
896 895 1002 965 fuisse
1019 917 1200 990 sponsam,
1215 917 1337 990 quam,
1354 917 1421 990 pro

352 1051 368 1086 ιι
390 1018 546 1116 legitima
560 1018 754 1089 donatione
772 1016 960 1116 spiritualis
980 1015 1086 1104 dotis,
1107 1013 1243 1086 collatis
1262 1029 1344 1086 ante
1361 1013 1422 1086 be-

352 1169 369 1208 «
393 1137 527 1210 neficiis
550 1136 757 1236 expoliavit,
781 1135 952 1235 proscidit
978 1161 1020 1207 ac
1046 1135 1238 1207 dilaniavit.
1261 1135 1421 1206 Necdum

351 1284 368 1321 α
391 1253 600 1326 sacerdotali
620 1253 729 1325 anulo
750 1254 933 1350 insignitus
952 1267 1044 1342 erat,
1061 1268 1096 1324 et
1110 1253 1185 1348 jam
1203 1253 1324 1323 omnia
1343 1277 1422 1350 quae

351 1401 369 1440 α
391 1372 630 1443 denominatae
650 1396 788 1470 sponsae
808 1371 913 1443 fuisse
936 1369 1161 1460 videbantur,
1177 1369 1340 1442 satellites
1360 1372 1422 1466 Sy-

351 1519 368 1555 «
392 1488 508 1560 monis
521 1503 756 1560 vastaverant.
771 1489 862 1560 Dico
882 1490 1005 1577 etiam,
1020 1489 1049 1558 si
1063 1488 1320 1560 concederetur
1333 1511 1423 1584 quo·

350 1641 367 1678 α
389 1611 475 1682 libet
493 1609 604 1682 modo
623 1611 716 1682 illius
742 1636 872 1709 sponsa
897 1611 1024 1701 fuisse,
1051 1611 1175 1708 utique
1200 1635 1275 1682 esse
1296 1609 1418 1696 desiit,

350 1756 367 1794 υ
389 1742 581 1826 postquam
602 1753 681 1799 eam
700 1720 875 1826 pollutam
897 1743 932 1799 et
950 1727 1134 1818 violatum,
1155 1739 1212 1816 et,
1233 1741 1274 1798 ut
1298 1727 1347 1798 ita
1366 1725 1421 1798 di·

349 1877 367 1915 «
389 1872 490 1938 cam,
514 1837 748 1920 adulteratam
770 1849 842 1919 suis
863 1847 1083 1946 predonibus
1102 1849 1304 1946 prostravit.
1328 1853 1422 1919 Num

350 1993 367 2032 α
390 1966 495 2061 igitur
518 1990 617 2054 earn,
642 1979 703 2036 aut
727 1988 836 2061 quam
859 1988 934 2035 non
959 1963 1105 2052 habuit,
1134 1980 1195 2036 aut
1218 1961 1341 2061 quam*
1356 1988 1421 2036 suo

350 2109 368 2146 «
390 2079 523 2151 scelere
536 2078 710 2178 perdidit,
728 2078 821 2149 illius
838 2103 1007 2177 sponsam
1021 2079 1147 2178 rapui?
1159 2078 1287 2151 Sedem
1302 2093 1422 2150 autem

349 2196 610 2295 «populorum
635 2195 864 2268 multitudine
888 2196 1071 2287 refertam,
1103 2196 1241 2269 advena
1266 2211 1301 2267 et
1321 2217 1422 2295 pere-

350 2343 368 2381 «
389 2315 532 2410 grinus‚
549 2313 655 2384 nullis
680 2313 789 2384 fretus
810 2311 960 2410 opibus,
983 2293 1180 2411 pervadere
1207 2314 1269 2410 qui
1295 2313 1422 2412 potui?

349 2460 367 2498 «
388 2430 459 2502 Sed
470 2431 560 2502 forte
579 2430 776 2528 apostolica
788 2429 889 2502 sedes
902 2429 1007 2501 uobis
1019 2431 1227 2528 opponitur,
1237 2443 1421 2526 tamquam

349 2574 367 2614 (ι
389 2570 431 2617 ea
463 2545 663 2626 inconsulta
692 2569 873 2616 summum
897 2544 969 2617 hoc
1004 2545 1195 2641 negocium
1221 2544 1420 2616 discussum

349 2693 368 2730 α
389 2664 452 2752 sit,
467 2663 524 2733 vel
549 2663 770 2758 ignorantia,
787 2663 845 2734 vel
869 2664 1106 2734 contumacia.
1118 2667 1227 2734 (lerte
1252 2662 1340 2734 nihil
1365 2687 1422 2734 ac·

350 2809 368 2847 e
388 2795 466 2850 tum
481 2779 538 2850 vel
552 2779 731 2874 agendum
745 2780 831 2870 fuit,
847 2778 947 2876 quod
960 2779 1161 2876 apostolicae
1175 2779 1251 2851 sedi
1270 2779 1421 2850 relatum

350 2922 367 2960 a
389 2918 464 2964 non
483 2893 606 2982 fuerit,
624 2894 771 2991 ejusque
797 2920 862 2993 per
885 2890 1010 2966 decem
1034 2909 1070 2967 et
1092 2911 1176 2967 octo
1199 2920 1338 2967 menses
1359 2921 1419 2967 ex·

349 3039 367 3077 r<
388 2997 529 3107 pectata
548 3009 822 3108 sententia58ed
841 3011 929 3081 dum
948 3010 993 3081 ab
1011 3010 1219 3082 hominibus
1233 3011 1421 3082 consilium

350 3157 366 3193 ι(
389 3151 464 3197 non
490 3127 641 3225 capitur,
673 3127 720 3198 ad
748 3126 810 3199 filii
841 3127 907 3198 Dei
938 3129 1207 3223 supereminens
1240 3127 1421 3226 eloquium

349 3245 580 3315 «recurritur
607 3273 614 3314 :
639 3247 682 3314 Si
703 3245 842 3331 oculus,
871 3244 1006 3341 inquit,
1038 3261 1117 3315 tuns
1147 3243 1369 3315 scandalizat
1389 3261 1428 3314 te

349 3375 423 3432 «et
443 3360 580 3458 reliqua
597 3362 624 3431 ⁴.
648 3364 693 3430 Et
709 3359 854 3432 fratrem
877 3375 1105 3458 peccantem,
1127 3378 1250 3432 coram
1272 3361 1421 3432 testibus

349 3505 367 3544 α
389 3500 585 3574 coramque
603 3476 749 3548 ecclesia
767 3477 1046 3566 commonitum,
1067 3492 1103 3547 et
1125 3501 1200 3547 non
1222 3476 1421 3549 obaudien-

349 3624 366 3661 α
389 3608 482 3688 tem,
508 3593 669 3665 decernit
693 3592 902 3664 habendum
933 3608 1115 3690 tamquam
1146 3593 1329 3665 ethnicum
1350 3594 1363 3631 ²
1386 3609 1422 3666 et

349 3707 633 3807 «publicanum.
660 3715 865 3781 Conventus
884 3733 968 3806 ergo
992 3710 1180 3800 Arnulqu,
1195 3725 1231 3785 et
1257 3733 1419 3782 commo·

349 3819 482 3898 «nitus
506 3819 629 3897 litteris
664 3841 698 3896 et
730 3825 852 3922 legatis
883 3825 1136 3924 episcoporum
1162 3825 1299 3916 Galliae,
1329 3841 1369 3896 ut
1400 3852 1424 3898 a

348 3973 365 4010 «
388 3957 505 4042 coepto
520 3943 638 4014 furore
650 3942 852 4035 desisteret,
867 3958 918 4032 et,
937 3943 965 4014 si
980 3942 1130 4033 valeret,
1147 3967 1295 4040 quoquo
1309 3943 1429 4024 modo

383 4165 390 4195 ¹
411 4176 435 4216 te
447 4183 508 4216 erue
520 4181 597 4228 eum,
612 4176 638 4216 et
651 4163 752 4235 projice
763 4163 838 4216 illum
853 4165 898 4217 abs
912 4176 938 4217 te
950 4163 997 4224 ed„

381 4249 393 4284 ¹
410 4249 546 4306 hetuicum
559 4271 581 4300 c.
595 4261 745 4303 constanter.
