3308 5286
339 506 379 568 2⁴
708 512 875 575 nrcnuru
897 513 972 573 mn.
997 513 1055 574 111.

257 649 266 662 '
337 638 380 710 lis
412 649 554 722 stantes.
582 650 743 733 Quarum
770 647 1045 743 uniuscujusque
1066 645 1128 718 alae
1151 660 1301 717 cxtcnsae
1330 646 1402 718 duo

337 754 448 829 latera
471 759 588 832 altaris
616 786 728 859 usque
758 762 804 834 ad
839 760 998 834 medium
1031 760 1255 834 obvelabant.
1287 763 1405 834 Facies

337 896 425 945 vero
443 896 536 972 agno
554 876 771 951 inmaculato
789 900 978 949 conversas
997 867 1241 949 intendebant.
1263 881 1316 946 ln¹
1332 900 1406 973 quo

339 987 446 1058 etiarn
480 989 653 1063 ferculum
687 992 889 1064 Salomonis
920 992 1048 1064 imitari
1080 992 1278 1065 videbatur.
1313 992 1408 1064 Fecit

338 1128 483 1201 quoque
500 1107 754 1180 candelabrum
771 1107 992 1208 septifidum,
1013 1109 1050 1179 in
1075 1134 1149 1206 quo
1171 1133 1254 1182 cum
1272 1122 1407 1206 septem

338 1219 384 1290 ab
410 1246 484 1292 uno
516 1240 718 1321 surgerent,
749 1224 838 1318 illud
868 1223 1063 1322 significare
1092 1225 1279 1298 videbatur
1309 1224 1407 1323 quod

338 1336 384 1407 ab
419 1363 493 1409 uno
525 1341 656 1438 Spiritu
683 1357 819 1439 septem
846 1343 1037 1438 gratiarum
1066 1343 1162 1415 dona
1188 1343 1404 1414 dividantur.

339 1451 411 1520 Nec
434 1449 553 1522 nrinus
582 1465 618 1523 et
646 1475 766 1524 arcam
788 1476 897 1551 opere
928 1451 1101 1550 eleganti⁴
1137 1453 1337 1543 decoravit,
1371 1452 1414 1524 in·

339 1590 411 1661 qua
422 1566 558 1664 virgam
578 1583 613 1639 et
631 1591 775 1659 manna,
789 1568 828 1640 id
846 1583 899 1640 est
913 1583 1119 1642 sanctorum
1132 1569 1309 1666 reliquias,
1326 1593 1410 1668 ope-

339 1680 421 1750 ruit.
444 1685 605 1752 Coronas
629 1675 776 1779 quoque
800 1706 875 1755 non
898 1683 1047 1754 minima
1070 1684 1219 1782 inpensa
1244 1682 1411 1755 fabrefac-

339 1796 453 1866 tasin
480 1796 643 1868 aecclesiae
664 1797 773 1880 decus
798 1797 994 1896 suspendit.
1030 1802 1148 1884 Quam
1170 1797 1331 1869 fenestris
1359 1798 1412 1869 di·

340 1933 458 1981 versas
476 1913 741 1986 continentibus
766 1913 931 1984 historias
953 1914 1204 2004 dilucidatam,
1232 1916 1412 2011 campanis

306 2021 308 2024 ’
340 2026 576 2124 mugientibus
594 2031 666 2101 acsi
684 2043 868 2102 tonantem
886 2029 996 2102 dedit.

818 2243 922 2295 xxiv,

389 2374 589 2444 Canonicos
607 2374 726 2464 etiarn,
747 2374 859 2471 quiin
879 2371 1031 2471 propriis
1048 2371 1218 2476 hospiciis
1242 2370 1411 2468 degentes

344 2499 483 2556 tantum
512 2487 788 2578 succumbant,
813 2488 894 2582 jure
925 2485 1190 2578 counnunitatis
1214 2485 1332 2557 vivere
1359 2485 1413 2555 in·

344 2602 479 2672 struxit.
513 2602 616 2673 Unde
648 2617 684 2672 et
713 2601 906 2672 claustrum
933 2603 1148 2672 monasterio
1181 2600 1344 2691 addidit,
1377 2601 1413 2671 in

345 2742 418 2812 quo
446 2718 503 2788 die
528 2734 708 2790 morantes
738 2716 1006 2807 cohabitarent,
1041 2742 1184 2787 necnon
1214 2733 1249 2789 et
1282 2718 1415 2789 dormi·

346 2837 498 2923 torium,
538 2832 600 2905 ubi
634 2846 745 2904 noctu
773 2833 811 2903 in
834 2833 973 2904 silentio
998 2833 1238 2929 quiescerent,
1267 2833 1414 2904 refecto·

345 2951 440 3020 rium
457 2974 618 3046 quoque,
639 2947 702 3019 ubi
720 2948 766 3019 de
785 2947 970 3040 communi
986 2931 1212 3018 considentes
1231 2947 1417 3021 reficeren-

349 3080 417 3135 tur.
448 3069 627 3161 legesque
647 3064 826 3161 ascripsit,
859 3062 901 3134 ut
921 3062 1092 3134 orationis
1111 3078 1273 3160 tempore
1296 3064 1333 3133 in
1351 3087 1416 3133 aec·

349 3181 454 3252 clesia
478 3181 565 3251 nihil
585 3181 656 3252 nisi
675 3180 775 3276 signo
795 3195 972 3278 peterent,
998 3194 1125 3278 praeter
1149 3177 1248 3275 quod
1267 3180 1416 3251 necessi·

349 3299 429 3385 tatis
451 3297 592 3392 afferret
616 3295 787 3394 inpulsi03
814 3294 933 3367 cibum
952 3319 1023 3367 una
1046 3294 1211 3366 taciturni
1228 3308 1413 3391 caperent3
1500 3277 1502 3286 ’

333 3428 433 3512 ¹post
449 3414 657 3512 prandium,
678 3413 716 3482 in
738 3412 928 3510 gratiarum
952 3412 1091 3485 actione
1120 3410 1243 3483 laudes
1261 3415 1338 3482 Deo
1357 3411 1418 3482 de-

352 3545 554 3620 cantarent3
572 3531 806 3629 completorio
823 3552 909 3600 vero
928 3529 1087 3626 expleto,
1112 3528 1291 3600 silentium
1306 3553 1418 3625 usque

350 3644 473 3717 laudes
490 3646 680 3716 matutinas
699 3645 898 3716 nullatenus
918 3643 1102 3715 violarent.
1121 3648 1199 3714 lam
1212 3643 1417 3740 horoscopo

352 3762 515 3860 pulsante
543 3761 700 3852 excitati,
728 3761 775 3833 ad
795 3760 918 3832 laudes
949 3759 1200 3858 persolvendas
1225 3784 1300 3830 sese
1332 3784 1419 3856 prae·

354 3879 474 3950 venire
506 3877 774 3949 contenderent.
811 3882 898 3948 Ante
929 3874 1056 3946 boram
1081 3874 1151 3946 diei
1176 3875 1346 3972 primam,
1381 3875 1420 3944 li·

354 3996 471 4067 bertas
501 3995 704 4092 egrediendi
730 4021 751 4065 a
780 3995 933 4066 claustro
964 3995 1097 4066 nemini
1124 4017 1292 4098 concessa
1321 4007 1417 4080 erat,

390 4233 396 4260 ³
418 4250 440 4280 r.
456 4239 561 4298 urgento
575 4245 688 4296 auroque
701 4225 789 4276 drlrtn.
