3318 5292
383 523 446 586 306
755 516 921 578 utcuuttl
943 515 1019 578 tto.
1044 516 1100 576 tv.

383 681 436 750 εκ,
456 653 620 726 Africano
646 669 681 725 et
706 652 879 725 Toletano
903 651 1063 724 conciliis
1095 647 1285 723 asserebat.
1313 652 1383 724 Sed
1411 677 1457 724 ne

383 772 520 842 domno
541 794 641 870 papae
661 771 810 840 omnino
831 770 936 840 reniti
950 768 1143 858 videretur,
1162 793 1182 840 a
1201 769 1388 839 missarum
1400 794 1457 840 ce-

382 886 578 959 lebratione
592 911 667 958 sese
685 901 905 957 cessaturum
919 909 1030 982 usque
1048 885 1085 955 in
1099 884 1244 956 alteram
1260 886 1269 921 ⁴
1289 885 1457 956 sinodum

381 1003 587 1102 spopondit.
603 1007 648 1074 Et
657 995 776 1076 stetim
786 1003 843 1075 his
857 1002 959 1074 dietis
976 1025 1113 1073 sessum
1126 1003 1258 1076 reversi
1271 1017 1364 1074 sunt.

864 1219 952 1272 cvii.

430 1382 569 1471 Quibus
588 1381 858 1454 considentibus
870 1381 1103 1456 Virdunensis
1119 1371 1308 1482 episeopus
1327 1384 1456 1455 iterum

381 1530 542 1603 surgens,
566 1530 610 1577 eo
626 1505 730 1602 quod
743 1504 863 1576 sinodi
880 1505 1054 1602 interpres
1072 1504 1282 1595 habebatur,
1302 1503 1349 1576 ad
1367 1504 1455 1578 alios

382 1624 444 1720 qui
467 1624 719 1722 episcoporum
735 1621 887 1700 consilio
907 1637 983 1692 non
1008 1622 1215 1713 interfuere,
1240 1622 1291 1694 sic
1313 1622 1457 1694 concio·

381 1753 486 1810 natus
502 1739 572 1810 ait:
590 1768 607 1806 n
620 1739 821 1828 Quoniam,
837 1766 855 1805 n
870 1738 1053 1836 inquiens,
1069 1768 1086 1806 n
1101 1737 1173 1810 boe
1191 1738 1290 1810 unde
1308 1738 1368 1809 hic
1385 1739 1456 1835 agi-

384 1883 402 1924 «
424 1870 495 1946 tur,
511 1853 657 1926 diffiniri
670 1879 769 1926 nunc
781 1880 856 1944 non
874 1870 1012 1954 potest,
1029 1877 1078 1928 eo
1092 1855 1193 1952 quod
1210 1857 1457 1928 controversie

383 2002 402 2041 «
420 1994 505 2073 pars
524 1972 634 2044 altera
655 1969 800 2063 deficit,
819 1972 937 2071 plaoet
959 1971 1019 2043 his
1045 1971 1189 2044 domnis
1215 1971 1391 2069 episeopis
1417 1986 1457 2042 ut

384 2115 402 2156 n
423 2087 527 2160 vobis
553 2087 837 2179 demonstretur,
868 2090 1043 2186 presentis
1073 2089 1219 2161 rationis
1245 2111 1390 2160 oausam
1419 2089 1455 2159 in

384 2233 402 2271 u
423 2204 522 2286 aliud
548 2219 690 2303 tempus
715 2203 1014 2294 transferendm
1041 2221 1081 2278 ut
1110 2205 1159 2276 ibi
1188 2205 1250 2302 qui
1275 2204 1453 2295 intendat,

268 2342 274 2354 ’
307 2401 321 2430 0
383 2350 401 2390 u
424 2337 460 2394 et
471 2322 532 2419 qui
546 2317 682 2394 refellat
693 2321 946 2417 antejudicem
957 2323 1169 2409 consistant,
1184 2338 1224 2394 ut
1235 2321 1456 2419 singulorum

383 2467 401 2506 α
421 2438 581 2537 partibus
596 2438 777 2529 discussis,
792 2440 879 2510 recti
893 2437 1017 2534 judicii
1036 2439 1237 2537 proferatur
1254 2463 1417 2511 censura.
1436 2468 1452 2504 υ

381 2555 434 2626 nh
455 2556 623 2629 omnibus
650 2555 861 2628 conceditur
881 2571 918 2627 et
941 2555 1117 2628 laudatur.
1141 2556 1345 2628 Destinetur
1371 2579 1455 2652 ergo

380 2667 481 2744 loeus
495 2673 615 2745 Remis
632 2673 731 2772 apud
750 2671 960 2746 ooenobium
976 2671 1241 2744 monachorum
1258 2673 1370 2750 sancti
1392 2675 1456 2744 Re-

381 2791 497 2892 frigii,
524 2806 674 2894 tempus¹
693 2815 839 2887 quoque
867 2789 926 2862 die
951 2792 986 2861 8.
1017 2805 1101 2887 post
1123 2789 1241 2860 natale
1262 2790 1378 2860 sancti
1401 2794 1457 2860 Jo-

380 2907 510 2978 hannis
532 2907 704 3004 baptist'te.
727 2904 865 2993 Quibus
889 2905 1091 2978 constitutis
1110 2921 1145 2977 et
1164 2905 1288 2996 dictis,
1309 2905 1457 2977 sinodus

380 3023 497 3095 soluta
515 3028 613 3095 est.²'
642 3031 647 3064 ³
673 3045 676 3053 ’
914 3023 918 3033 “

769 3226 1075 3256 -ι-ᾳ--ω-

416 3482 534 3532 Historia
546 3469 610 3546 finis
626 3479 652 3530 in
669 3493 761 3536 summa
772 3479 870 3551 pagina
888 3477 943 3532 55¹.
957 3481 987 3528 In
1003 3481 1101 3550 pagina
1115 3476 1158 3531 56¹
1177 3475 1228 3529 ulia
1241 3497 1315 3530 manu
1335 3478 1391 3530 daoe
1409 3479 1455 3531 Sil·

381 3573 454 3622 mtn'
467 3575 505 3622 11.
521 3568 646 3641 epistola,
656 3571 754 3641 pagina
765 3565 807 3620 tt'
821 3567 915 3619 &mum
927 3569 1024 3619 notitiee
1041 3567 1137 3640 aliquot
1156 3583 1231 3619 manu
1248 3568 1345 3620 dtis-beri
1363 3571 1457 3642 scripta

380 3661 503 3732 leguntur,
526 3679 583 3734 quoe
596 3677 646 3732 pm
653 3659 913 3732 fundamento'operie
925 3658 1042 3727 abigendi
1055 3657 1176 3710 habende
1189 3678 1240 3712 esse
1252 3658 1388 3720 videmur,-
1402 3671 1456 3710 sunt

381 3764 462 3804 autem
473 3751 511 3803 Ieoe
525 3770 534 3801 :

429 3908 605 4002 Tempore
633 3917 784 3994 statum,
813 3903 1001 3975 Silvanecti
1026 3903 1174 3976 sinodus
1206 3903 1454 4002 episcoporum

381 4017 534 4092 oolleetu¹
554 4033 624 4109 est,
645 4017 709 4091 ubi
735 4020 843 4089 etiam
870 4019 964 4090 inter
980 4013 1196 4090 Gerbertum
1219 4033 1252 4088 et
1274 4015 1455 4088 Arnulfiun

419 4271 427 4296 ⁴
448 4263 554 4323 aiterum
571 4271 627 4323 cod.
