3314 5294
345 537 405 598 128
717 529 885 593 lttcttssttl
906 530 982 593 utu.
1006 529 1067 594 111.

343 689 500 758 nexum,
539 688 625 738 cum
660 663 781 739 electis
808 665 964 738 militum
997 663 1111 763 copiis
1143 663 1292 762 ingressi
1324 677 1421 736 sunt.

344 787 537 858 Annonam
554 807 702 856 omnem
720 783 1001 881 circumquaque
1024 780 1154 853 milites
1177 779 1339 880 palantes
1363 779 1427 854 ad-

343 915 485 974 vectare
497 900 669 974 fecerunt.
691 901 962 998 Negotiatorum
974 921 1121 997 quoque
1134 897 1249 970 victus
1262 898 1300 969 in
1319 923 1427 970 usum

344 1017 514 1091 bellicum
547 1031 774 1117 acceperunt.
807 1017 1003 1116 Lignorum
1032 1015 1150 1088 trabes
1186 1041 1230 1088 ex
1259 1017 1429 1114 Argonna

346 1135 527 1234 aggregari
549 1135 732 1232 jusserunt
756 1149 798 1206 ut
820 1134 850 1206 si
874 1133 920 1206 ab
937 1131 1103 1206 hostibus
1128 1147 1227 1206 extra
1253 1131 1429 1206 machinae

347 1251 460 1323 muris
488 1250 772 1350 applicarentur,
804 1250 872 1350 ipsi
895 1277 1041 1350 quoque
1063 1251 1212 1323 interius
1236 1249 1430 1336 obtinenti·

346 1366 417 1440 bus
440 1365 616 1440 machinis
643 1365 786 1439 obstare
808 1367 1033 1440 molirentur.
1061 1371 1183 1440 Crates
1205 1391 1353 1466 quoque
1378 1368 1430 1440 vi·

349 1483 507 1557 minibus
533 1471 569 1557 et
596 1483 768 1557 arborum
791 1483 981 1557 frondibus
1011 1483 1147 1556 validas
1177 1485 1427 1578 intexuerunt,

350 1603 526 1702 machinis
539 1603 687 1694 erectis,
709 1603 806 1675 sires
820 1617 1039 1702 exposceret,
1060 1601 1381 1702 supersternendos
1398 1603 1427 1674 ¹.

350 1720 465 1794 Sudes
484 1721 578 1794 ferro
597 1721 840 1812 acuminatos,
865 1735 902 1794 et
921 1721 1003 1818 igne
1024 1705 1213 1812 subustos,
1236 1719 1284 1792 ad
1309 1719 1432 1792 hostes

351 1835 641 1910 transfodiendos
666 1835 897 1937 quamplures
921 1851 1146 1936 aptaverunt.
1178 1836 1322 1910 lllissilia
1343 1837 1433 1910 varii

352 1959 491 2058 generis
513 1983 581 2057 per
604 1958 725 2030 fabros
748 1957 951 2057 expediere.
981 1959 1136 2032 Funium
1162 1958 1308 2032 millena
1331 1958 1434 2031 volu·

352 2077 453 2150 mina
476 2074 524 2146 ad
549 2099 635 2146 usus
655 2074 816 2148 diversos
840 2091 1097 2150 convexerunt.
1120 2070 1262 2175 Clipeos
1287 2087 1435 2174 quoque

352 2190 529 2264 habendae
545 2191 715 2264 testudini
733 2190 1009 2308 ordinandos,
1000 2193 1242 2266 rustituertmt.
1271 2197 1436 2332 Preterea

353 2322 506 2382 centena
519 2308 647 2380 mortis
664 2301 844 2381 tormenta
863 2334 938 2381 uon
956 2309 1114 2384 defuere.

582 2683 655 2738 CIV.
665 2715 700 2726 ·-
709 2687 831 2761 Repetite
842 2691 858 2725 *
874 2690 999 2744 Virduno
1006 2691 1023 2726 ⁴
1034 2711 1051 2746 a
1062 2693 1200 2749 lotlrario.

406 2862 623 2935 Nuntiantur
656 2863 732 2938 haec
779 2865 962 2941 Lothario.
1014 2871 1086 2958 Qui
1123 2883 1264 2942 tantum
1303 2869 1441 2943 facinus

357 2977 528 3053 accidisse
562 2981 734 3054 acerrime
765 2983 990 3082 indignatus,
1028 2988 1223 3058 exercitum
1252 2985 1440 3059 dimissum

358 3097 560 3184 revocavit3
599 3112 636 3170 et
666 3099 717 3172 sic
752 3125 836 3172 cum
866 3103 994 3175 decem
1027 3104 1171 3176 milibus
1196 3120 1440 3204 pugnatorum

359 3213 563 3286 Virdunum
586 3215 708 3313 petiit,
725 3231 729 3236 '
745 3231 853 3316 atque
870 3223 874 3230 '
889 3219 1113 3294 adversarios
1145 3224 1353 3322 repentinus
1382 3247 1442 3320 ag·

358 3355 498 3430 gressus
519 3345 584 3403 est.
612 3333 733 3404 Primo
757 3334 911 3434 impetu,
947 3337 1115 3434 sagittarii
1135 3337 1149 3376 ²
1174 3353 1303 3419 contra
1319 3337 1442 3410 hostes

359 3449 516 3522 ordinati
545 3463 641 3520 sunt.
676 3450 862 3548 Missaque
893 3454 1025 3551 sagittae
1050 3469 1087 3527 et
1112 3454 1332 3528 arcobalistae
1358 3479 1442 3527 cum
1489 3513 1493 3520 .

360 3565 438 3638 aliis
455 3563 646 3638 missilibus
666 3581 740 3638 tam
765 3566 886 3640 densae
907 3570 944 3640 in
971 3595 1054 3643 aere
1076 3569 1343 3664 discurrebant,
1364 3557 1443 3643 ut'a

360 3684 518 3757 nubibus
531 3682 662 3773 dilabi,
679 3699 845 3783 terraque
863 3711 1051 3786 exsurgere
1068 3686 1289 3760 viderentur.
1303 3693 1443 3760 Horum

361 3818 488 3876 contra
515 3801 709 3900 impetum,
737 3803 954 3876 testudinem
978 3821 1063 3878 ante
1085 3830 1124 3877 se
1142 3821 1178 3878 et
1196 3831 1304 3906 super
1326 3805 1444 3904 capita

251 3989 255 3996 .
361 3919 484 3992 hostes
506 3942 611 3990 muro
634 3933 826 4016 aptavere;
853 3922 891 3992 in
916 3945 1026 4018 quam
1041 3921 1157 4012 relisa
1181 3922 1344 4013 missilia,
1369 3923 1443 3996 ictu

399 4114 414 4148 ⁴¹
433 4115 467 4179 R,
481 4113 606 4168 Virduno
616 4115 721 4167 absona.

401 4199 408 4228 ¹
428 4199 692 4270 supersternendasl.

398 4285 411 4314 ¹
429 4284 543 4353 sugiturii
557 4287 582 4336 l.
