3314 5294
376 535 454 591 112*
729 531 893 591 RICHERI
914 531 990 590 ΠΒ.
1016 532 1074 590 Ill.

322 655 324 661 ’
372 665 464 738 duce
477 666 693 764 reliquisque
705 666 927 767 principibus
938 666 1142 737 Ludovicus
1154 690 1216 737 rex
1234 666 1453 738 adclamatus

372 809 438 882 per
451 784 770 883 metropolitanum
784 785 993 883 episcopum
1005 787 1213 875 Remorum,
1228 783 1343 880 dignae
1354 782 1454 854 vide-

372 902 455 974 licet
472 905 655 975 memoriae
667 902 947 992 adalberonem,
964 917 1086 974 sancta
1103 902 1161 973 die
1175 884 1400 1002 pentecostes
1413 902 1451 971 in

373 1025 752 1116 regnumFrancorum
763 1035 952 1118 promotus
963 1034 1028 1090 est.
1041 1018 1193 1089 Duobus
1205 1042 1290 1116 ergo
1302 1043 1453 1114 regnan-

372 1137 467 1208 tibus
481 1137 554 1208 dux
568 1136 679 1208 multa
698 1137 900 1210 affabilitate
912 1162 954 1207 ac
967 1135 1139 1208 famulatu
1157 1136 1364 1236 multiplici,
1386 1161 1454 1235 per

340 1317 354 1328 s
374 1252 450 1324 dies
469 1252 590 1352 plures
608 1277 685 1323 sese
709 1252 1003 1342 commendabat,
1034 1252 1125 1324 adeo
1148 1253 1283 1350 regiam
1301 1251 1454 1348 dignita-

372 1384 446 1441 tem
470 1394 535 1468 per
559 1369 682 1458 omnia
708 1357 899 1460 extollens,
937 1385 973 1440 et
997 1395 1073 1441 sese
1096 1370 1104 1406 ¹
1140 1371 1190 1441 eis
1212 1368 1415 1469 supplicem.
1436 1367 1448 1403 ²

373 1501 597 1577 monstrans3
614 1511 652 1556 se
666 1477 773 1556 etiam
780 1485 958 1557 facturum
970 1485 1157 1584 pollicem,
1168 1501 1209 1557 ut
1223 1485 1331 1557 ambo
1345 1485 1454 1582 genti·

374 1602 442 1674 bus
453 1603 528 1699 jam
546 1603 692 1674 domitis
712 1617 879 1703 potenter
896 1605 1130 1702 imperarent,
1156 1603 1349 1676 indomitas
1367 1612 1454 1700 quo·

375 1746 445 1817 que
464 1719 679 1791 ellicaciter³
701 1734 1003 1792 mansuescerent.
1019 1721 1060 1791 ld
1078 1721 1186 1792 etiam
1200 1719 1451 1809 meditabatur,

375 1853 414 1909 ut
431 1838 469 1907 in
483 1837 630 1908 diversis
644 1837 763 1933 regnis
774 1839 894 1936 positi,
909 1839 1043 1935 regiam
1057 1837 1343 1911 dominationem
1356 1863 1454 1909 exer-

375 1969 515 2046 cerent,
536 1941 583 2025 ne
597 1956 703 2025 unius
725 1955 827 2051 regni
846 1956 1023 2051 angustia,
1053 1954 1210 2026 duorum
1232 1980 1358 2051 regum
1380 1979 1454 2025 ma·

371 2072 489 2168 jestati
507 2073 661 2143 nimium
679 2072 877 2168 derogaret.
1368 2066 1371 2070 ’

429 2269 518 2324 XCII.
528 2297 564 2309 -
576 2270 645 2320 Item
658 2268 793 2338 promotio
814 2267 943 2320 Ludovici
959 2268 986 2320 iu
1001 2287 1112 2339 regnum
1131 2269 1278 2338 Aquitaniae
1294 2271 1400 2341 ejusque

846 2356 980 2408 uxoratio.

422 2501 519 2566 Dum
538 2496 615 2567 haec
634 2495 749 2567 multo
769 2511 901 2568 conatu
915 2495 1141 2596 disponeret,
1163 2497 1223 2568 alii
1236 2496 1384 2594 quidam
1404 2499 1455 2568 ni·

375 2614 442 2684 mis
455 2612 574 2684 callidi
590 2613 663 2684 hoc
683 2628 891 2711 compertu,
914 2639 998 2685 cum
1016 2613 1224 2709 hujusmodi
1243 2614 1393 2711 gloriam
1416 2615 1454 2684 in

375 2754 451 2799 sese
467 2729 714 2819 transfundere
733 2729 886 2819 vellent,
907 2734 1074 2801 Emmam
1087 2732 1247 2827 reginam
1266 2730 1451 2822 adeunteS,

373 2870 481 2943 super
492 2846 647 2948 maxima
664 2870 704 2915 re
717 2870 755 2915 se
773 2845 1001 2919 consulturos
1015 2846 1192 2918 dixerunt.
1211 2849 1282 2935 Qui
1300 2850 1455 2949 suscepti

375 2985 396 3032 a
415 2962 555 3058 regina,
576 2961 615 3031 id
637 2961 704 3032 sibi
722 2961 836 3033 videri
859 2964 1037 3062 optimum
1059 2964 1245 3055 dixerunt,
1270 2965 1455 3038 'Ludovico

375 3080 450 3176 regi
474 3078 736 3152 assciscendam
760 3081 951 3178 conjugem
972 3074 1200 3173 adelaidem,
1233 3084 1456 3180 Ragemundi

375 3222 492 3298 nuper
509 3196 669 3268 defuncti
686 3195 787 3267 ducis
810 3198 1015 3271 Gothorum
1035 3198 1123 3270 olim
1143 3225 1306 3272 uxorem.
1322 3205 1366 3270 Et
1378 3225 1454 3270 non

368 3316 487 3412 ¹magis
499 3313 699 3412 potentiam
717 3313 890 3409 regnandi
904 3339 947 3385 ex
966 3315 1038 3392 hoc
1058 3341 1164 3414 posse
1182 3317 1324 3413 augeri,
1346 3341 1456 3413 quam

375 3429 442 3500 sibi
466 3428 641 3501 nonnulla
670 3429 864 3499 commoda
890 3431 1043 3528 adquiri.
1070 3434 1263 3504 Enimvero
1286 3432 1456 3532 possibile

376 3545 466 3635 fieri,
488 3562 601 3618 totam
619 3546 845 3643 Aquitaniam
866 3547 1043 3646 simulque
1064 3566 1100 3620 et
1117 3551 1287 3622 Gothiam
1305 3575 1371 3622 suo
1390 3552 1456 3621 im·

376 3665 477 3764 perio
492 3666 654 3761 asstringi
673 3689 801 3763 posse,
824 3680 1017 3764 postquam
1038 3693 1081 3738 ex
1098 3667 1178 3764 jure
1199 3668 1314 3740 ductae
1335 3669 1455 3739 uxoris

377 3779 510 3878 oppida
529 3781 764 3856 munitissima
777 3781 824 3852 ad
844 3807 950 3870 suum
962 3783 1021 3878 jus
1034 3798 1267 3881 retorqueret.
1286 3787 1457 3882 Magnum

376 3894 484 3964 etiam
502 3890 676 3988 quiddam
694 3893 731 3962 in
752 3893 821 3964 hac
840 3918 896 3983 re,
918 3906 955 3965 et
973 3893 1058 3965 utile
1071 3895 1292 3995 comparari,
1309 3897 1338 3967 si
1353 3911 1456 3995 patre

412 4089 421 4151 l
441 4139 462 4172 s.
475 4138 523 4191 per
537 4105 628 4173 omnia
641 4119 733 4174 delata.

413 4205 425 4235 ²
442 4205 612 4276 supplicioem
624 4205 680 4258 cod.

412 4289 424 4318 ³
440 4289 575 4341 efficatiter
586 4291 642 4342 cod.
