3318 5292
384 463 445 524 308
751 465 917 526 RICHERI
939 467 1014 528 LIB.
1039 469 1093 529 IV.

382 593 634 690 praesentaliter
656 596 746 666 ratio
772 596 929 669 discussa
952 614 1005 670 est
1027 598 1093 672 sub
1116 603 1302 698 praesentia
1327 604 1453 674 Leonis

383 707 519 781 abbatis
546 726 581 786 et
600 711 768 784 monachi
780 712 882 810 legati
909 714 1132 813 aliorumque
1154 717 1449 816 quamplurium.

381 830 500 917 Beata,
516 827 654 899 Odonis
665 831 675 866 ¹
686 853 790 919 uxor,
804 851 949 902 suarum
962 856 1083 904 rerum
1101 832 1325 906 defensorem
1347 850 1452 932 atque

380 942 593 1015 advocatum
612 943 822 1016 Rotbertum
839 970 960 1042 regem
974 947 1120 1045 accepit.
1139 948 1333 1022 Richardus
1349 977 1451 1049 pyra·

380 1071 496 1129 tarum
514 1058 587 1130 dux
603 1060 789 1159 apoplexia
806 1062 946 1132 minore
964 1063 1080 1160 periit,
1101 1063 1289 1136 Hilduinus
1307 1091 1451 1165 quoque

379 1172 584 1246 vinolentia.
686 1187 687 1192 ’

427 1291 582 1364 Sinodus
600 1293 759 1390 quinque
777 1295 1031 1393 episcoporum
1044 1296 1080 1365 in
1096 1312 1219 1368 monte
1232 1313 1361 1370 sanctae
1373 1303 1451 1370 Ma-

377 1408 436 1478 riae
460 1392 581 1506 habita
601 1424 664 1480 est.
696 1395 903 1507 [Heinricus
929 1437 1074 1509 quoque
1101 1413 1175 1483 dux
1198 1412 1286 1485 obiit
1303 1413 1349 1512 ¹.]
1378 1414 1452 1486 Alia

376 1524 462 1596 item
482 1524 629 1631 sinodus
648 1526 744 1624 apud
762 1513 971 1626 Engleheim
989 1528 1123 1600 indicta
1146 1544 1199 1600 est
1218 1547 1346 1602 sanctae
1365 1529 1450 1630 Aga}

376 1641 454 1713 thes
484 1639 668 1714 festivitate
691 1641 877 1736 habenda,
899 1669 978 1741 quae
998 1659 1035 1716 et
1056 1669 1122 1717 suo
1141 1660 1307 1746 ,tempore
1329 1647 1452 1720 habita

376 1773 428 1830 est
442 1761 463 1828 ³.

424 1879 526 1945 Beata
543 1873 713 1946 Rotberto
732 1873 869 1947 nubere
892 1873 1032 1966 volana,
1049 1876 1262 1949 Gerbertum
1280 1882 1445 1970 consulit,

373 2014 415 2062 ac
428 1991 474 2062 ab
485 2013 529 2062 eo
543 1990 758 2062 confutatur.

420 2107 614 2179 Gerbertus
633 2111 783 2178 Romam
802 2109 1073 2180 ratiocinaturus
1100 2109 1216 2199 vadit,
1242 2109 1368 2202 aoibi,
1394 2139 1448 2184 aa·

265 2273 266 2278 1
372 2225 469 2295 tione
483 2225 592 2323 ¹papae
619 2223 721 2314 data,
747 2247 831 2295 eum
850 2223 969 2296 nullus
986 2240 1187 2314 accusaret,
1201 2224 1279 2296 alia
1298 2229 1446 2302 sinodus

371 2341 571 2413 iudicitur*⁸

420 2460 523 2554 Hugo
538 2482 599 2528 rex
612 2455 752 2556 papulis
769 2470 846 2528 toto
862 2481 1015 2555 corpore
1034 2456 1237 2546 confectus,
1254 2457 1289 2527 in
1309 2459 1445 2559 oppido

368 2575 529 2670 Hugonis
543 2573 665 2645 Judeis
683 2574 860 2645 extinctus
874 2580 944 2644 est:
1036 2571 1039 2576 ’

420 2688 610 2789 Rotbertus
621 2712 682 2761 rex
694 2690 787 2788 patri
802 2689 1015 2779 succedens,
1033 2710 1182 2761 suorum
1199 2692 1348 2763 consilio
1369 2698 1447 2764 Ber·

370 2823 444 2879 tam
469 2797 569 2878 duxit
594 2832 760 2897 uxorem,
778 2832 820 2879 ea
840 2832 923 2877 usus
947 2808 1106 2898 ratione,
1135 2808 1235 2903 quod
1253 2808 1381 2880 melius
1403 2809 1445 2880 sit

270 3001 273 3014 ,
370 2949 522 3022 parvum
537 2922 681 3020 aggredi
693 2924 849 3014 malum,
864 2938 904 2995 ut
916 2923 1112 2994 maximum
1125 2925 1287 2996 evitetur.

421 3065 611 3138 Rotbertus
633 3091 709 3152 rex,
737 3067 843 3139 ducta
873 3071 976 3137 Beata
1004 3089 1137 3156 uxore,
1167 3067 1204 3137 in
1229 3066 1443 3157 Falconem,

371 3177 432 3282 qiii
446 3169 590 3256 'Odonis
604 3184 826 3256 adversarius
841 3183 966 3273 fuerat,
990 3181 1118 3272 fertur,
1136 3197 1172 3253 et
1190 3182 1237 3253 ab
1255 3208 1299 3255 eo
1320 3183 1445 3256 urbem

370 3299 584 3373 'l'uaonioam
602 3316 637 3372 et
654 3300 722 3372 alia
736 3325 815 3397 quae
827 3314 1031 3399 pervaserat
1043 3300 1117 3370 vim
1129 3299 1264 3398 recipit.

421 3429 611 3507 Roibertus
625 3461 686 3507 rex
699 3429 735 3506 in
749 3432 935 3531 Aquilania
947 3434 997 3505 ob
1011 3449 1181 3533 nepotem
1199 3453 1304 3504 suum
1326 3415 1445 3506 Wilel·

347 3539 350 3545 ¹
372 3559 471 3622 inum
486 3550 676 3624 obsidione
692 3550 940 3623 Hildebertum
953 3552 1094 3648 premit.
1155 3605 1169 3622 -.

409 3943 417 3973 ¹
437 3941 471 3992 0.
489 3937 576 3991 codex.

407 4027 419 4058 ¹
438 4027 524 4076 iterum
536 4021 627 4074 deletu.

410 4111 421 4140 ³
438 4128 490 4160 uox
501 4106 607 4159 obtecta.

411 4195 422 4224 ⁴
440 4197 570 4263 Hucusque
581 4200 718 4240 atramento
725 4189 800 4256 fusco
813 4205 861 4259 quo
869 4181 935 4254 folia
947 4179 1038 4238 codicis
1054 4185 1140 4239 1-28
1153 4197 1255 4237 exarata
1269 4196 1325 4236 suat
1331 4207 1342 4246 ;
1355 4183 1441 4255 reliqua

374 4289 534 4330 atramentum
547 4293 642 4343 augutu
653 4269 770 4340 folionum
783 4269 894 4323 28-55*
905 4272 1052 4342 pmferuut.
