3324 5298
398 526 458 596 278
758 528 927 590 utentur
948 529 1025 592 bIB.
1048 529 1102 590 lv.

394 681 460 755 est,
476 679 600 763 utpote
618 667 706 757 nati,
732 668 848 742 fratris
866 695 908 743 ao
925 684 1112 768 nepotum.
1142 665 1204 738 Hit
1222 663 1305 738 Odo
1326 689 1470 764 pereep-

393 783 450 874 tis,
466 803 615 855 suornm
628 807 713 856 usus
726 785 895 880 consilio,
905 787 984 860 'haeo
996 810 1073 860 sese
1087 797 1320 882 excepturum
1333 783 1469 881 optime

392 896 562 998 mandat,
590 900 619 970 si
643 903 807 992 Namtas,
828 903 1030 978 Brittanniae
1049 901 1198 991 urbem,
1224 898 1312 971 dolo
1325 914 1467 998 captam

344 1079 345 1084 ,
391 1015 531 1108 reddat,
548 1003 584 1089 et
601 1017 704 1090 asuis
718 1035 876 1093 evacuet.
894 1022 1110 1120 injuriosum
1124 1019 1221 1092 enim
1240 1016 1278 1089 id
1290 1015 1416 1108 videri,
1437 1019 1467 1090 si

389 1132 506 1207 ablata
526 1135 626 1234 prius
643 1159 718 1206 non
742 1151 895 1236 repetat,
918 1154 954 1211 et
976 1162 1051 1210 non
1072 1135 1233 1226 redditis,
1255 1159 1340 1206 oum
1363 1133 1467 1205 hoste

388 1255 517 1350 pacem
531 1249 645 1323 faciat.
1335 1253 1336 1262 ’

399 1456 402 1466 “
458 1427 489 1481 Ἰ
564 1455 1293 1532 XCII.-'Ahjectio*supplioatiouis*abFalcone'.

437 1607 520 1678 Haee
545 1604 634 1678 dum
659 1608 934 1704 exagitarentur,
966 1621 1005 1679 et
1031 1603 1115 1677 Odo
1141 1588 1338 1676 exereitum
1363 1627 1469 1686 suum

388 1721 560 1820 paulatim
581 1725 704 1822 augeri
729 1724 974 1817 arbitraretur,
999 1725 1210 1824 priusquam
1230 1722 1353 1820 copias
1376 1746 1470 1794 con-

388 1837 574 1935 grediendi
590 1840 752 1933 baberet,
776 1867 838 1914 rex
861 1866 946 1914 cum
969 1839 1164 1914 duodecim
1191 1837 1335 1910 milibus
1355 1837 1466 1926 affuit,

388 1979 472 2028 cum
497 1957 692 2029 Fulconem
723 1983 784 2030 sex
807 1957 903 2029 milia
929 1981 1079 2029 suorum
1111 1955 1295 2054 stiparent.
1330 1953 1469 2042 Quibus

387 2073 525 2162 mixtis,
560 2075 735 2148 exereitus
761 2088 982 2150 armatorum
1010 2071 1181 2155 densatus
1207 2084 1272 2144 est.
1301 2069 1406 2142 Unde
1433 2086 1468 2143 et

387 2189 497 2261 Fulco
520 2190 734 2291 insobutior
758 2191 883 2281 factus,
916 2215 995 2288 quae
1013 2203 1097 2262 ante
1120 2187 1269 2288 supplex
1290 2187 1468 2260 obtulerat

388 2305 535 2404 spernit.
553 2302 601 2378 Ut
613 2299 756 2380 'beIlmn
772 2305 850 2399 fiat,
872 2304 1028 2379 fervidus
1045 2306 1169 2396 iustat3
1190 2319 1227 2376 et
1249 2318 1289 2375 ut
1300 2303 1395 2376 vada
1410 2305 1466 2375 Li-

387 2423 479 2520 geris
493 2423 556 2520 qui
577 2417 627 2501 ei's
642 2422 871 2526 utterssuebat
889 2436 1150 2522 pertranseant,
1169 2420 1385 2520 hostemque
1403 2422 1467 2492 im·

386 2555 523 2639 petant,
538 2540 704 2614 hertatur
723 2555 831 2640 atque
846 2540 985 2613 suadet.
1008 2538 1091 2611 Odo
1105 2563 1189 2610 suos
1207 2553 1247 2638 ut
1266 2537 1467 2638 spoponde-

387 2672 468 2729 rant
489 2681 565 2730 uon
578 2659 717 2730 venisse
735 2657 939 2749 advertens,
961 2655 1120 2754 eoquod
1140 2655 1355 2728 exercitibus
1371 2656 1468 2728 eolli-

388 2765 513 2870 gendis
525 2773 633 2871 hujus
652 2775 825 2873 temporis
851 2773 1006 2847 brevitas
1026 2796 1102 2844 uon
1124 2747 1322 2862 sufficeret,
1346 2772 1466 2843 animo

388 2891 494 2961 nimis
508 2890 651 2963 turbato
665 2891 855 2964 ferebatur.
882 2895 1046 2964 Attamen
1060 2914 1145 2962 eum
1159 2903 1316 2986 quatuor
1326 2887 1468 2960 milibus

387 3007 616 3106 refragratus,
630 3007 724 3081 vada
741 3009 875 3107 Ligeris
892 3006 1121 3120 prohibebat.

873 3221 977 3276 XCIII.

434 3375 508 3444 Rex
525 3370 610 3445 vadi
629 3372 769 3443 incessu
787 3357 1002 3470 prohibitus,
1027 3370 1075 3442 ad
1094 3369 1295 3444 Ambatiam
1312 3385 1465 3443 castrum

385 3497 571 3585 retorquet
584 3487 793 3576 exereitum,
811 3486 912 3585 quod
930 3512 1006 3560 non
1024 3487 1153 3586 procul
1166 3486 1204 3563 in
1221 3486 1352 3560 eodem
1365 3485 1467 3558 litore

382 3602 541 3676 fluminis
553 3603 647 3675 inter
663 3627 770 3702 rupes
794 3601 987 3694 eminebat,
1004 3617 1045 3674 ut
1066 3601 1117 3684 ibi
1138 3602 1314 3674 transiens
1333 3615 1466 3700 etpost

382 3718 599 3818 obliquatus,
621 3720 821 3793 hostibuaa
839 3736 940 3819 tergo
962 3721 1179 3819 improvisus
1201 3719 1360 3810 adsistat,
1385 3742 1466 3790 eos-

382 3861 453 3934 que
475 3837 659 3935 adurgeat.
682 3836 764 3909 Odo
787 3838 878 3936 regis
896 3837 1092 3911 exercitum
1111 3861 1185 3910 non
1208 3835 1401 3926 sustinens,
1422 3833 1467 3904 le·

382 3968 482 4052 gatos
495 3955 529 4025 ei
551 3952 689 4052 dirigit:
706 3952 850 4026 hostem
870 3979 990 4047 suum,
1012 3978 1089 4027 non
1109 3978 1231 4053 regem
1258 3977 1334 4026 sese
1352 3952 1464 4051 impe·

381 4072 477 4144 tiisse
505 4071 698 4163 mandans3
723 4097 791 4144 nec
817 4063 942 4146 contra
966 4097 1088 4171 regem
1114 4073 1306 4171 quicquam
1329 4069 1465 4142 molitu·

417 4291 433 4324 ὗ
452 4290 539 4356 ectio,
552 4290 621 4355 lica,
638 4289 675 4354 is,
688 4289 804 4342 Fulcone
816 4288 922 4342 abscisa.
