3324 5298
360 527 422 588 286
453 535 468 558 ²
723 524 889 587 RlCllElll
912 525 988 588 ntur.
1013 527 1067 588 lv.

358 659 422 732 lias
430 674 637 760 properent,
650 659 748 732 unde
760 659 888 733 volunt
900 661 1054 734 edicant.
1077 657 1255 757 Alioquin,
1270 657 1432 748 redeant,

359 797 395 856 at
409 803 475 854 sua
492 796 533 854 ut
556 780 644 854 libet
665 797 803 854 curent.
823 785 963 855 Horum
974 806 1059 880 ergo
1081 807 1142 854 res
1157 782 1195 854 in
1216 783 1436 854 contrarium

357 898 495 998 relapsa
508 913 573 972 est.
595 897 771 971 Adalbero
795 899 892 972 enim
910 901 973 998 qui
988 900 1121 972 horum
1141 898 1343 970 ministrum
1359 923 1437 971 sese

356 1016 581 1117 prebuerat,
609 1041 694 1088 cum
719 1015 934 1088 delationis*
970 1017 1109 1089 nescius
1140 1041 1239 1112 reges
1267 1030 1431 1087 moneret

357 1151 398 1208 ut
422 1134 694 1208 occurrentibus
714 1133 921 1225 obveniret,
952 1157 1015 1206 rex
1043 1149 1232 1206 veteranus
1256 1131 1435 1204 fraudium

356 1275 432 1323 non
450 1251 605 1347 ignarus,
627 1249 851 1320 Ludovicum
867 1248 989 1328 Karoli
1005 1247 1120 1322 fitium
1138 1245 1185 1318 ab
1202 1270 1247 1320 eo
1266 1246 1433 1345 reposcit,

355 1392 466 1466 quem
487 1367 525 1439 in
550 1367 717 1465 captione
740 1366 906 1438 Lauduni
923 1381 1081 1466 captum,
1110 1366 1142 1437 ei
1160 1362 1437 1436 custodiendum

352 1484 594 1556 commiserat.
625 1484 841 1583 Repopuscit
867 1484 977 1556 etiam
998 1482 1159 1579 ejusdcm
1177 1480 1275 1555 urbis
1299 1505 1433 1571 arcem,

354 1598 637 1697 quamsimiliter
653 1600 892 1672 commiserat.

440 1824 555 1878 xcvii.
566 1795 769 1878 -ndalberot
781 1824 863 1877 totius
876 1822 977 1878 fraudis
989 1822 1010 1892 *Ι
1021 1841 1100 1876 causa
1115 1820 1350 1895 reprehenditrrr*.

400 1991 483 2075 Quo
502 1985 638 2059 credita
651 1985 803 2058 reddere
821 1987 960 2078 reniso,
981 1989 1069 2086 regii
1090 1989 1292 2085 stipatores,
1313 1982 1434 2060 animo

351 2103 573 2201 indignante,
582 2102 808 2175 subinferunt
821 2130 828 2174 :
842 2132 860 2171 «
871 2107 963 2176 Cum
974 2117 1027 2196 tn,
1040 2129 1063 2175 o
1077 2105 1256 2204 episcope,
1267 2105 1304 2176 in
1314 2107 1434 2204 perni-

353 2251 372 2292 «
387 2223 479 2294 ciem
497 2233 623 2318 regum
643 2234 680 2292 et
701 2220 918 2319 principum,
944 2221 1042 2320 apud
1066 2224 1238 2293 Ottonem
1260 2247 1381 2320 regem
1399 2236 1435 2295 et

353 2341 372 2404 a
387 2333 557 2407 Odonem
580 2333 763 2405 tirannum
783 2331 937 2431 plurima
954 2333 1146 2431 quaesieris,
1169 2334 1357 2432 quomodo
1374 2335 1434 2409 hic

352 2480 372 2520 «
385 2466 469 2552 ante
495 2450 662 2526 dominos
682 2463 764 2521 tuos
789 2475 890 2546 reges
919 2465 992 2522 tam
1019 2450 1207 2548 magnifica
1228 2450 1432 2550 confingere

351 2596 369 2636 a
385 2592 461 2642 non
475 2565 631 2640 vereris?
649 2565 745 2655 Quid
757 2565 981 2639 Ludovicum
1000 2582 1035 2639 et
1048 2592 1168 2640 arcem
1186 2567 1337 2640 reddere
1358 2595 1433 2642 me·

348 2713 368 2753 u
380 2686 465 2776 tuis,
490 2685 521 2756 si
541 2683 652 2756 fidem
675 2681 818 2780 regibus
835 2697 870 2755 te
880 2708 1036 2756 servasse
1054 2683 1312 2756 uondubitasl
1335 2685 1431 2773 Quid

297 2866 303 2884 ,
347 2830 367 2872 u
381 2828 466 2900 ergo
483 2818 536 2875 cst
554 2800 689 2874 credita
706 2799 803 2872 nolle
827 2800 992 2892 reddere,
1013 2803 1081 2874 nisi
1093 2818 1228 2875 contra
1251 2828 1352 2900 reges
1373 2804 1431 2875 iu-

346 2921 493 2995 «fausta
515 2916 658 2990 moliri?
683 2916 955 2991 Evidentissime
983 2918 1314 3018 fidemabrupisti,
1346 2945 1430 2992 cum

343 3064 364 3104 u
379 3034 477 3134 apud
493 3038 668 3107 Ottonem
682 3034 728 3106 de
741 3059 868 3133 regum
882 3037 1027 3109 interitu
1045 3037 1216 3129 tractasti,
1230 3063 1429 3138 eorumque

343 3183 361 3224 a
376 3153 557 3226 honorem
571 3150 744 3224 subruere
760 3154 953 3252 temptasti.
981 3153 1086 3226 Unde
1105 3169 1141 3226 et
1161 3155 1306 3254 perjurii
1328 3173 1427 3229 reatu

339 3301 357 3341 u
374 3269 554 3344 detineris.
568 3269 805 3374 ,legationem
817 3270 938 3362 etiam,
955 3270 1195 3368 tamquamab
1206 3274 1255 3344 eis
1268 3273 1423 3364 missam,

339 3387 500 3458 «Ottoni
514 3386 588 3482 regi
603 3384 799 3483 pertulisti,
818 3409 860 3456 ac
878 3385 976 3483 apud
993 3411 1077 3467 eum
1095 3385 1220 3460 dolose
1238 3388 1422 3478 ordinasti,

338 3533 356 3574 u
371 3519 412 3576 nt
425 3504 506 3601 ipse
521 3527 605 3575 cum
624 3502 746 3600 paucis
761 3501 774 3538 ²
796 3502 992 3594 adveniret,
1010 3520 1045 3576 et
1062 3505 1216 3577 mllitum
1230 3507 1425 3608 multitudi-

336 3651 356 3690 ι(
369 3647 455 3693 uem
482 3643 557 3692 non
577 3619 685 3716 longe
705 3619 909 3718 expeditam
927 3621 1085 3696 haberet.
1107 3622 1260 3720 Regibus
1278 3649 1423 3722 quoque

335 3768 355 3808 a
369 3738 503 3811 nostris
520 3736 726 3810 adversario
746 3762 831 3809 cum
848 3738 970 3836 paucis
989 3763 1177 3812 occurrere
1194 3741 1344 3832 suasisti,
1364 3758 1422 3814 at-

334 3885 354 3925 «
371 3880 442 3955 que
480 3853 576 3926 nihil
605 3853 693 3926 mali
721 3880 764 3927 ex
794 3853 867 3927 hoc
891 3872 1152 3955 proventurum
1181 3857 1416 3956 spopondisti.

369 4106 385 4139 *
404 4105 559 4172 Adalbero,
575 4104 693 4172 fraudis,
706 4106 802 4178 repreb
812 4080 918 4184 abacuc.

371 4191 381 4221 ¹
400 4189 563 4262 proditionis
578 4193 604 4243 l.

365 4275 378 4306 ⁸
395 4291 424 4345 p.
439 4273 474 4349 ad
490 4275 578 4328 locum
591 4293 627 4344 qu
632 4274 668 4328 od
681 4276 830 4332 Mosomum
842 4279 988 4348 appellatur
999 4277 1089 4331 deleta.
