3308 5286
375 469 415 529 aa
731 440 903 528 arcuum*
920 467 994 530 tra.
1019 466 1077 526 ur.

429 693 516 748 XXX.
527 692 650 758 -Quod
662 692 792 745 adalbero
804 693 992 764 privilegium*
1004 694 1032 746 in
1046 691 1140 744 sinodo
1152 691 1170 741 *.
1179 692 1212 743 ab
1232 691 1359 762 episcopis
1371 691 1386 724 *

760 783 933 835 confirmari*
953 781 1046 834 fecit*.

427 933 488 1003 His
499 933 546 1002 ita
556 931 697 1019 habitis,
711 948 793 1030 post
804 958 864 1004 sex
878 934 1054 1004 mensium
1067 948 1207 1032 tempus
1227 930 1274 1002 ad
1282 943 1443 1002 montem

377 1065 504 1122 sanctae
519 1045 647 1139 Mariae,
663 1051 725 1146 qui
738 1045 838 1121 locus
856 1065 909 1121 est
923 1055 1115 1121 Remorum
1130 1051 1378 1136 diocesaneus,
1399 1045 1444 1116 ab

379 1163 506 1236 eodem
544 1165 819 1263 metropolitano
857 1164 1005 1237 sinodus
1039 1167 1290 1265 episcoporum
1326 1162 1446 1234 habita

381 1276 444 1352 est.
471 1281 614 1368 Quibus
633 1282 915 1372 considentibus,
942 1298 1024 1381 post
1048 1281 1211 1379 quaedam
1231 1281 1359 1352 sinodo
1385 1281 1447 1350 uti·

380 1403 444 1493 lia,
474 1416 725 1500 atquesanctae
738 1404 901 1476 aecclesiae
921 1404 1132 1493 commoda,
1155 1400 1449 1500 metropolitanus

382 1509 504 1590 coram
530 1519 580 1589 sic
604 1519 836 1592 concionatus
858 1522 906 1591 ait
925 1549 932 1590 :
950 1551 967 1588 u
990 1511 1186 1609 Quoniam,
1214 1533 1332 1617 patres
1355 1541 1450 1588 reve-

385 1664 401 1700 «
425 1634 539 1725 rendi,
569 1636 678 1730 gratia
704 1637 815 1708 sancti
836 1637 984 1735 Spiritus
1006 1636 1064 1706 hic
1088 1635 1226 1706 collecti
1249 1659 1389 1721 sumus,
1416 1648 1451 1703 et

385 1778 402 1816 «
423 1775 502 1846 quae
526 1748 571 1820 de
596 1764 686 1820 statu
711 1763 839 1822 sanctae
861 1751 1022 1822 aecclesiae
1042 1752 1116 1822 visa
1135 1765 1217 1821 sunt
1237 1747 1334 1819 utilia
1357 1747 1451 1818 ordi-

386 1895 402 1931 «
425 1865 609 1954 navimus,
637 1879 743 1936 restat
768 1865 886 1937 adhuc
914 1891 968 1937 res
990 1865 1078 1936 mihi
1104 1865 1194 1936 adeo
1219 1864 1383 1963 placens,
1418 1878 1453 1934 et

386 1979 607 2050 «nonnullis
635 1994 765 2050 nostrae
795 1979 956 2051 aecclesiae
985 1981 1066 2050 filiis
1086 2006 1184 2051 nunc
1215 1996 1251 2051 et
1272 1981 1309 2051 in
1339 1995 1454 2078 poste·

387 2124 404 2160 «
426 2119 507 2165 rum
527 2095 733 2194 profutura3
763 2113 872 2192 quam
899 2092 1006 2167 etiam
1027 2111 1150 2168 vestrae
1176 2097 1337 2192 dignitati
1366 2097 1455 2167 indi-

387 2240 404 2278 «
426 2210 578 2283 eandam
601 2212 765 2302 arbitror,
791 2228 897 2309 atque
920 2213 1175 2285 roborandam.
1204 2219 1294 2284 Ante
1320 2228 1455 2311 septem

388 2333 602 2404 «mensium
634 2334 732 2423 dies,
762 2348 802 2406 ut
827 2335 929 2405 vobis
954 2359 1099 2432 quoque
1130 2335 1355 2406 notissimum
1379 2349 1452 2422 est,

388 2477 405 2514 ι(
427 2449 464 2518 in
489 2448 625 2523 ltaliam
652 2451 827 2542 concessi,
850 2454 1071 2547 Romamque
1096 2450 1242 2536 deveni,
1268 2475 1310 2521 ac
1332 2449 1457 2522 domni

389 2595 404 2632 u
428 2581 464 2637 et
492 2565 677 2664 apostolici
709 2568 776 2638 viri
806 2567 978 2638 lobannis
1004 2566 1184 2662 colloquio
1216 2566 1391 2663 simulque
1423 2583 1459 2638 ct

390 2681 667 2754 «benivolentia
699 2681 966 2754 familiarissime
991 2708 1094 2772 usus,
1128 2683 1173 2754 ab
1206 2708 1250 2753 eo
1281 2698 1402 2781 petere
1429 2683 1459 2752 si

391 2796 518 2894 «quid
551 2814 714 2895 optarem
744 2800 901 2869 monitus
934 2824 1026 2869 sum.
1057 2802 1236 2894 Ratusque
1264 2798 1459 2896 petendum

391 2943 408 2979 u
429 2927 470 2982 ut
502 2915 582 2982 res¹
626 2913 751 2984 domni
782 2937 822 2984 ac
851 2915 994 3012 patroni
1031 2916 1143 2986 nostri
1174 2915 1349 3010 Remigii,
1390 2940 1461 2985 suae

392 3058 410 3094 «
431 3029 650 3098 auctoritatis
669 3029 853 3127 privilegio
872 3045 996 3130 contra
1020 3031 1197 3127 quoslibet
1219 3032 1378 3102 tirannos
1396 3045 1461 3102 sta-

393 3175 410 3211 «
432 3143 565 3233 hiliret,
590 3159 625 3215 ct
648 3144 826 3216 abbatiam
850 3147 962 3217 sancti
981 3147 1346 3238 Timotheimartiris,
1366 3171 1386 3218 a
1403 3171 1462 3218 me

393 3291 410 3328 «
434 3261 578 3349 datam,¹
593 3260 660 3330 illis
687 3262 822 3350 unir'et,
842 3260 880 3331 id
895 3262 1029 3359 absque
1049 3263 1282 3359 refragatione
1308 3263 1458 3335 obtinui.

396 3378 579 3474 «Scripsit
603 3402 708 3473 ergo,
738 3400 779 3447 ac
804 3400 925 3448 coram
948 3379 1124 3476 episcopis
1152 3404 1302 3451 numero
1328 3379 1463 3451 duode-

396 3492 505 3562 «cim
530 3493 668 3564 recitari
698 3493 819 3589 jussit,
859 3494 979 3589 eisque
1013 3494 1258 3567 roborandum
1291 3498 1458 3595 porrexit.

397 3638 414 3674 u
437 3607 545 3693 Quod
563 3623 597 3679 et
616 3609 742 3680 domni
764 3633 864 3706 papae
886 3609 987 3706 sigilli
1010 3627 1095 3683 nota
1115 3613 1338 3710 insignitum,
1362 3613 1464 3684 vobis

398 3752 415 3789 ι(
438 3747 582 3819 quoque
604 3709 850 3796 roborandum
869 3726 985 3816 attuli,
1016 3743 1055 3798 ut
1083 3728 1320 3827 plurimorum
1349 3731 1467 3800 aucto-

400 3841 540 3910 «ritate
569 3841 777 3930 subnixum,
810 3841 992 3913 nullorum
1017 3843 1279 3917 machinatione
1306 3845 1467 3942 quando-

435 4093 450 4125 *
467 4091 517 4156 ivi,
534 4093 606 4157 sino,
621 4093 724 4164 scopis,
739 4095 835 4158 confir,
852 4095 887 4146 cit
899 4095 1003 4146 abscisa.

436 4176 443 4205 ¹
465 4187 494 4227 ut
508 4194 598 4228 omnes
610 4197 632 4229 r.
646 4177 755 4230 mobiles
769 4177 889 4230 videlicet
900 4191 977 4249 atque
988 4179 1127 4233 inmobiles
1138 4179 1227 4232 deleta.
