3318 5292
389 601 450 662 294
748 599 914 661 RICHERI
935 600 1010 662 LlB.
1033 603 1087 660 tv.

541 810 587 862 (ΖΙ.
598 811 733 864 -Oratio
744 811 865 864 Gerberti
876 809 894 847 ¹⁸
903 829 954 882 pro
965 829 992 864 se
1005 811 1034 862 in
1048 810 1161 862 concilio
1169 813 1186 846 ἢ
1197 809 1315 864 recitata·
1419 873 1424 881 Ι

439 985 523 1052 Post
544 980 644 1076 eujus
662 959 922 1072 recitationem,
945 979 1137 1054 Gerbertus
1160 979 1328 1068 surrexit,
1352 993 1460 1076 atque

392 1097 592 1168 orationem
609 1121 676 1193 pro
695 1122 732 1168 se
749 1099 915 1195 scriptam
936 1099 973 1168 in
995 1096 1146 1168 concilio
1171 1120 1256 1166 mox
1278 1095 1455 1185 recitavit,

391 1215 544 1310 satisque
575 1213 671 1311 apud
703 1211 782 1284 illos
812 1213 1011 1285 luculenter
1038 1212 1229 1310 peroravit.
1259 1210 1330 1281 Sed
1363 1210 1458 1280 hanc

390 1328 523 1401 addere
541 1329 601 1399 hic
622 1329 774 1426 placuit,
795 1329 895 1426 quod
921 1328 1026 1426 plena
1048 1326 1243 1398 rationibus
1267 1325 1458 1422 plurimam

390 1449 514 1524 leotori
539 1450 732 1544 utilitatem¹
755 1466 948 1548 comparat.
975 1449 1083 1545 Cujus
1113 1463 1229 1520 textus
1250 1447 1462 1543 lutjusmodi.

391 1587 444 1644 est
464 1573 473 1608 ⁴
497 1599 504 1640 ε

786 1719 848 1771 CII.
861 1717 1066 1771 --Exordium¹

444 1920 462 1958 u
478 1892 625 1988 Semper
639 1889 804 1987 quidem,
820 1889 1093 1976 reverentissimi
1105 1903 1239 1987 patres,
1253 1887 1348 1960 hanc
1365 1888 1461 1960 diem

395 2035 413 2074 a
434 2031 507 2104 prae
525 2005 637 2103 oculis
653 2005 786 2094 habui,
808 2031 870 2104 spe
892 2030 934 2075 ac
959 2020 1045 2076 voto
1069 2005 1117 2075 ad
1140 2030 1219 2076 eam
1242 2003 1398 2095 intendi,
1419 2030 1462 2076 ex

396 2151 414 2190 a
434 2146 507 2218 quo
521 2147 542 2193 a
554 2119 719 2193 fratribus
737 2122 824 2192 meis
842 2121 1062 2204 admonitus,
1080 2144 1172 2190 onus
1187 2119 1258 2191 boo
1275 2116 1463 2192 sacerdotii

397 2268 414 2306 a
436 2262 511 2310 non
526 2239 601 2344 s‘pre
621 2235 781 2335 periculo
798 2237 922 2336 capitis
937 2237 1009 2307 mei
1026 2236 1129 2308 subii.
1150 2236 1252 2307 Tanti
1270 2250 1347 2307 erat
1367 2234 1462 2334 apud

397 2383 415 2422 a
437 2378 495 2425 me
512 2355 692 2452 pereuntis
717 2351 841 2451 populi
865 2353 975 2441 salus,
1000 2353 1089 2422 tanti
1112 2366 1226 2424 vestra
1252 2353 1460 2441 auotoritas,

392 2503 418 2575 tt
436 2501 507 2572 qua
518 2500 577 2547 me
590 2490 709 2562 tutum
722 2475 797 2546 fore
812 2473 1066 2546 existimabam.
1082 2472 1307 2544 Recordabar
1322 2489 1464 2572 praeter-

396 2621 415 2660 a
436 2594 569 2663 itorum
589 2591 863 2678 beneficiorum,
885 2589 999 2662 dulcis
1023 2605 1129 2686 atque
1150 2581 1298 2661 affabilis
1317 2589 1464 2662 benivo-

397 2737 415 2776 «
436 2709 552 2780 lentiae
578 2723 814 2804 vestrae,‡qua
840 2727 1082 2814 saepenumero
1112 2731 1196 2778 oum
1224 2707 1336 2778 multa
1359 2707 1463 2779 laude

399 2831 670 2940 «prestantium
683 2855 774 2901 usus
790 2828 946 2921 fueram,
960 2854 1044 2900 oum
1058 2853 1142 2900 ecce
1158 2827 1293 2900 subitus
1308 2829 1324 2866 ²
1342 2855 1465 2902 rumor

399 2975 415 3013 a
437 2970 502 3017 vos
525 2945 681 3017 ollensos
701 2946 875 3037 insinuat,
895 2947 1052 3051 vitioque
1079 2945 1165 3017 dare
1189 2944 1346 3037 laborat,
1366 2945 1465 3044 quod

399 3086 567 3166 apmagpa
579 3078 743 3160 paratum
755 3063 883 3136 virtute
896 3063 987 3134 inter
1000 3061 1087 3133 alios
1100 3061 1296 3134 constabat.
1313 3063 1461 3150 Horrui,

399 3213 416 3252 u
438 3183 571 3274 fateor;
598 3200 634 3256 et
655 3210 746 3282 quos
771 3165 853 3257 tinte
878 3182 1113 3266 formidabam
1139 3183 1293 3281 gladios,
1318 3209 1391 3283 prae
1414 3186 1465 3255 in·

398 3297 642 3404 «dignatione
674 3323 790 3379 vestra
824 3307 1026 3405 posthabui.
1056 3311 1159 3378 Nuno
1193 3309 1277 3404 quia
1313 3309 1464 3406 propitia

398 3432 611 3504 «Divinitas
647 3455 768 3502 coram
801 3431 970 3522 contulit,
997 3429 1127 3528 quibus
1164 3430 1313 3528 salutem
1349 3453 1464 3503 meam

398 3575 416 3613 a
438 3554 578 3644 semper
601 3547 783 3638 conmisi,
806 3555 925 3644 pausia·
946 3573 1053 3647 super
1080 3534 1324 3619 innocentiam
1349 3573 1463 3620 meam

399 3689 417 3729 a
437 3662 608 3753 referam,
630 3677 665 3735 et
689 3688 849 3760 quonam
875 3657 1023 3768 oonsflio
1053 3663 1137 3746 urbi,
1161 3667 1355 3735 Remorum
1377 3688 1461 3763 prae·

397 3807 414 3845 a
436 3778 527 3886 latus
544 3761 620 3849 sim*
634 3779 846 3852 edisseram(
864 3784 939 3878 Ego
964 3780 1096 3879 quippe
1123 3794 1205 3879 post
1229 3777 1369 3851 obitum
1393 3777 1464 3852 divi

429 4002 445 4036 a
464 4003 585 4053 Gerberti
595 4041 603 4066 ‚
615 4003 643 4053 io
655 4003 759 4055 abscisa.

430 4087 438 4116 ¹
458 4086 553 4137 Folium
573 4099 696 4148 assutum,
718 4091 758 4138 cui
775 4090 854 4138 oratio
877 4090 994 4160 iuscripta
1014 4102 1083 4155 erat,
1102 4091 1196 4161 periit;
1220 4101 1248 4138 at
1270 4092 1349 4140 insero
1365 4109 1416 4139 eam
1436 4107 1464 4137 er

392 4170 475 4222 codice
495 4170 652 4239 Lugdunensr'
679 4173 744 4221 inter
766 4170 838 4224 codd.
868 4174 1001 4224 Vossianus
1022 4177 1057 4224 N.
1077 4175 1123 4226 54.
1149 4172 1190 4224 ubi
1211 4173 1286 4224 multo
1307 4172 1462 4236 eruendotior,

392 4274 463 4326 quam
476 4253 544 4326 apud
557 4258 737 4307 Centuriatores
748 4255 881 4325 legebatur,
897 4270 975 4310 extat.
985 4257 1014 4312 P.

429 4341 440 4369 ⁹
459 4339 545 4390 subito
558 4340 704 4392 contrarius
716 4339 756 4390 ed.
