3314 5294
378 569 436 627 118
739 565 907 626 RlCHERI
930 565 1006 629 LIB.
1029 566 1092 627 Ill.

728 753 803 807 XCV
804 756 828 806 1.
844 781 881 794 -··
891 753 986 808 Obitus
998 752 1114 806 Ononia

423 921 498 989 Hac
512 932 721 1017 tempestate
735 923 821 990 Otto
834 942 919 990 eum
931 917 1095 992 Barbaris
1107 941 1332 1014 congressus,
1348 917 1452 990 mise-

375 1033 478 1106 rabili
508 1034 658 1107 fortunae
689 1035 887 1108 succubuit.
915 1041 1006 1107 Nam
1036 1051 1072 1108 et
1103 1036 1298 1107 exercitum
1333 1035 1451 1106 fusum

374 1152 510 1242 amisit,
529 1167 565 1224 et
585 1150 661 1251 ipse
679 1168 804 1253 captus
822 1153 867 1225 ab
889 1147 1074 1244 hostibus,
1097 1152 1218 1260 divina
1235 1175 1322 1224 vero
1341 1154 1453 1250 gratia

374 1291 536 1341 reversus
549 1270 626 1341 fuit.
649 1275 734 1342 Post
751 1296 836 1342 oum
853 1297 897 1342 ex
914 1270 1151 1367 indigestione
1171 1274 1292 1340 Romae
1308 1269 1451 1341 labora-

374 1401 447 1476 ret,
469 1401 505 1457 et
525 1387 682 1458 intestini
699 1387 878 1486 squibalas
891 1413 935 1460 ex
959 1387 1194 1459 melancolico
1217 1387 1372 1458 humore
1389 1413 1452 1486 pa·

265 1503 268 1508 ’
374 1496 519 1595 teretur}
541 1503 646 1592 aloen
660 1504 706 1577 ad
719 1506 864 1604 pondus
882 1505 1112 1603 dragmarum
1126 1520 1281 1603 quatuor
1294 1503 1452 1576 sanitatis

374 1621 499 1694 avidus
535 1625 697 1722 sumpsit.
737 1622 1037 1721 Conturbatisque
1063 1621 1289 1714 'visceribuS,
1321 1621 1452 1694 diarria

370 1737 465 1836 jugis
482 1757 674 1838 prosecuta
696 1755 760 1811 est.
782 1741 891 1836 Cujus
909 1741 1101 1812 continuus
1120 1737 1253 1828 lluxus,
1266 1813 1268 1822 ,
1279 1740 1453 1810 emorroi-

375 1855 439 1929 des
462 1874 640 1931 tumentes
664 1860 876 1958 procreavit.
910 1863 997 1946 Quae
1018 1859 1126 1930 etiam
1151 1857 1363 1954 sauguinem
1386 1858 1453 1928 im-

374 1974 602 2047 moderatum
619 1976 855 2065 effundentes,
873 1991 1028 2048 mortem
1046 1990 1129 2074 post
1146 1974 1223 2046 dies
1242 1999 1318 2046 uon
1329 1974 1452 2072 plures

376 2108 530 2190 operatae
547 2110 642 2165 sunt.
708 2101 712 2112 '

849 2247 963 2300 XCVII.
1087 2303 1090 2308 ,

423 2390 490 2462 Cui
507 2387 677 2461 defuncto
696 2387 789 2460 filius
807 2389 1049 2486 quinquennis
1066 2391 1153 2459 Otto
1172 2402 1349 2487 superstes
1362 2403 1449 2460 erat.

376 2508 493 2594 Quem
510 2508 604 2605 patri
625 2506 824 2578 succedere·
835 2507 873 2578 in
893 2530 1046 2603 regnum
1065 2488 1149 2576 cuin
1167 2506 1304 2603 aliquot
1320 2507 1453 2604 prima·

373 2641 427 2698 tes
451 2628 668 2720 voluissent,
696 2629 734 2700 id
752 2628 799 2699 ab
816 2628 993 2725 aliquibus
1014 2628 1277 2726 contradictum
1303 2645 1368 2702 est.
1396 2634 1454 2700 ln·

375 2745 472 2841 genti
489 2759 609 2815 tamen
629 2746 759 2816 virtute
772 2746 941 2841 variaque
959 2745 1103 2816 fortuna
1113 2746 1147 2815 ei
1164 2769 1316 2841 regnum
1329 2759 1454 2842 postea

375 2878 606 2959 paraverunt.
623 2866 714 2932 Nam
727 2862 870 2953 Hezilo,
891 2864 983 2960 regis
996 2861 1105 2961 paulo
1125 2878 1207 2934 ante
1221 2861 1379 2934 delirncti
1392 2887 1454 2960 pa·

376 2977 511 3069 truelis‚
532 2980 595 3076 qui
612 2978 730 3050 adhuc
750 2979 788 3049 in
806 3003 948 3051 carcere
966 2981 1108 3050 vinctus
1125 2978 1171 3049 ab
1190 3003 1235 3050 eo
1248 2977 1450 3071 tenebatur,

376 3119 420 3167 eo
444 3095 545 3194 quod
565 3097 736 3168 adversus
754 3122 838 3167 eum
856 3122 1008 3193 regnum
1028 3110 1227 3194 appeteret,
1258 3119 1454 3194 pravorum

375 3211 470 3285 dolis
488 3214 526 3284 in
544 3213 735 3312 pernitiem
748 3214 801 3285 rei
816 3213 968 3311 publicae
985 3211 1143 3311 elapsus,
1163 3228 1200 3284 et
1211 3211 1453 3310 quorumdam

374 3331 635 3402 munitionibus
658 3345 822 3428 receptus
846 3345 911 3414 est,
935 3330 999 3400 Vir
1021 3355 1122 3428 aeque
1141 3343 1181 3400 ut
1198 3333 1284 3401 Otto
1306 3329 1449 3421 nobilis,

374 3473 527 3547 corpore
548 3448 759 3545 elegantiae
778 3447 918 3538 valido,
938 3447 1088 3518 honoris
1101 3447 1254 3546 cupidus
1269 3471 1311 3518 ac
1329 3447 1453 3519 factio-

373 3585 450 3656 sus;
471 3567 593 3637 animo
615 3578 739 3656 vasto,
773 3564 837 3637 sed
862 3563 987 3642 fallaci.
1013 3565 1079 3636 Hic
1104 3563 1278 3662 regnandi
1301 3564 1448 3656 avidus,

373 3707 501 3755 omnes
514 3683 721 3782 sacrilegos,
735 3697 795 3755 aut
804 3682 942 3779 juditiis
952 3683 1154 3773 convictos,
1171 3681 1245 3754 sive
1262 3682 1370 3754 etiam
1382 3707 1451 3782 pro

373 3798 472 3871 sactis
491 3799 662 3896 juditium
689 3799 875 3891 timentes,
899 3814 1084 3899 postremo
1108 3824 1236 3872 omnes
1257 3799 1452 3896 flagitiosos

245 3975 247 3979 ,
373 3940 464 4013 quos
482 3917 648 3990 conscius
666 3917 806 3989 animus
820 3917 1036 4014 exagitabat,
1057 3917 1125 3989 sibi
1143 3917 1329 4017 proximos
1345 3943 1388 3990 ac
1402 3918 1452 3990 sa·

373 4033 526 4106 miliares
536 4035 631 4124 fecit.
653 4034 790 4105 Talium
804 4035 914 4125 dolis,
935 4033 1027 4132 regis
1045 4034 1204 4106 defuncti
1224 4036 1450 4134 superstitem

373 4149 486 4222 lilium
506 4156 678 4223 Ottonem
696 4177 848 4252 parvum
868 4153 1004 4252 rapuit,
1027 4153 1104 4249 ejus
1121 4153 1204 4225 loco
1226 4177 1304 4226 sese
1322 4178 1449 4251 regna·

371 4281 493 4339 turum
511 4283 620 4340 ratus.
642 4273 803 4366 Regnum
817 4294 902 4367 ergo
919 4272 1019 4343 sicin
1035 4295 1141 4343 suum
1157 4271 1215 4367 jus
1234 4271 1375 4344 refundi
1394 4298 1449 4344 ar·
