3320 5296
348 513 410 572 nto
705 503 970 566 RICHERI‘LIB.
996 505 1050 563 lV.

230 701 238 718 ι
346 640 465 714 nulfus
486 639 662 711 matutino
684 662 813 710 somno
831 636 1012 736 oppressi,
1031 635 1273 732 quiescebant.
1293 641 1425 713 (loram

346 757 477 855 quibus
494 781 578 828 oum
595 756 716 828 hostes
732 753 836 826 facto
833 753 979 850 agmine
993 752 1171 844 adessent,
1183 768 1224 826 et
1237 751 1288 826 illi
1298 779 1426 860 exper-

345 876 491 972 gefacti
485 873 718 964 adversarios
745 868 996 960 advertissem,
1015 892 1037 939 a
1054 857 1170 942 lectis
1178 871 1422 969 prosilientes,
1449 949 1457 976 x

345 1007 381 1063 et
405 1015 511 1062 arma
525 1013 708 1086 capessere
727 987 896 1077 nitenteS,
915 1011 984 1058 nec
1001 987 1240 1085 reperientes,
1268 1004 1425 1085 querunt

343 1107 525 1204 quidnam
539 1106 735 1177 matutinus
758 1126 885 1175 eorum
903 1102 1026 1174 afferat
1057 1117 1216 1174 eventus.
1246 1103 1423 1176 Adalbero

342 1249 429 1296 vero
447 1252 454 1294 :
480 1253 498 1292 ιι
513 1223 709 1312 Οιιιιιιιιιι,
729 1249 747 1289 ιι
764 1222 892 1318 inquit,
913 1243 1066 1292 «arcem
1086 1221 1182 1292 hanc
1200 1220 1289 1292 mibi
1307 1245 1425 1319 nuper

345 1371 363 1409 ιι
384 1341 615 1439 surripuistis,
637 1354 674 1418 et
696 1338 741 1411 ab
756 1363 798 1410 ea
820 1321 960 1410 exulem
983 1337 1082 1410 abire
1092 1339 1280 1436 coegistis,
1298 1353 1334 1410 et
1359 1365 1423 1411 vos

344 1456 468 1528 «hinc
496 1456 657 1527 dissimili
687 1471 808 1526 tamen
831 1456 983 1564 fortuna
997 1455 1200 1554 pellemini
1229 1459 1305 1553 Ego
1326 1457 1423 1528 enim

344 1601 362 1639 ιι
384 1573 521 1668 proprii
533 1572 623 1669 juris
638 1572 812 1662 remansi;
832 1558 898 1642 vos
914 1570 1033 1642 alieno
1051 1569 1226 1648 subibitis.
1248 1598 1266 1637 ιι
1287 1571 1342 1642 Ad
1355 1570 1424 1643 hec

341 1687 517 1760 Karolus:
526 1719 559 1756 ιι
577 1692 643 1779 An,
664 1717 682 1755 ιι
709 1689 844 1786 inquit,
863 1717 881 1756 ιι
897 1713 920 1758 o
943 1687 1117 1800 episcope
1131 1686 1306 1772 hesternae
1328 1713 1426 1764 cenae

342 1835 360 1873 ιι
381 1805 521 1879 memor
538 1807 584 1877 sis
605 1806 757 1906 nimium
777 1805 901 1876 miror.
920 1805 1000 1874 Νοιι
1019 1828 1116 1918 ergo
1125 1801 1237 1905 ipsa
1216 1803 1424 1880 Divinitatis

341 1922 579 2010 «reverentia
602 1893 799 2000 inhibebit?
826 1920 998 1992 Nihilne
985 1946 1043 2017 Jus
1068 1920 1301 2014 sacramenti?
1328 1921 1423 1993 Nihil

342 2068 359 2107 ιι
380 2037 554 2110 hesternae
568 2063 664 2110 cenae
676 2036 910 2142 imprecatio?
931 2065 949 2104 ιι
971 2041 1016 2108 Ει
1028 2035 1096 2108 hec
1110 2036 1246 2128 dicens,
1263 2062 1422 2138 preceps

338 2158 375 2228 in
386 2154 532 2228 'hostem
553 2156 676 2226 fertur.
695 2159 813 2242 Quem
834 2154 1018 2226 furentem.
1030 2154 1157 2228 armati
1171 2155 1418 2248 circumdant,

339 2288 445 2370 atque
475 2273 512 2344 in
537 2271 670 2344 lectum
694 2270 878 2370 repulsum
907 2269 1163 2369 comprimunt.
1189 2276 1269 2370 'Nec
1296 2273 1420 2344 minus

338 2390 761 2488 Arnulfum‘pervadunt.
781 2393 880 2476 Quos
900 2385 1201 2488 comprehensos,
1226 2389 1265 2458 in
1291 2388 1421 2462 eadem

337 2507 426 2598 turri
443 2506 644 2586 includunt.
661 2506 801 2585 Turrim
819 2500 966 2601 quoque
977 2503 1145 2575 *clavibus
1161 2519 1197 2576 et
1219 2505 1305 2576 seris
1317 2527 1422 2604 repa·

337 2622 497 2720 gulisque
510 2622 719 2694 custodibus
736 2619 904 2716 adhibitis
917 2623 1097 2702 muniunt.
1123 2621 1227 2695 Unde
1244 2647 1329 2692 cum
1346 2622 1419 2694 cla·

231 2753 234 2759 '
336 2761 416 2810 mor
440 2739 678 2829 feminarum,
706 2739 975 2870 puerorumque
1006 2738 1112 2810 simul
1139 2749 1175 2810 et
1201 2738 1419 2812 famulorum

335 2849 514 2927 ululatus
505 2881 542 2926 m
558 2856 689 2933 coelum
708 2855 924 2946 ferretur,
894 2859 988 2926 ciras
988 2875 1073 2987 per
1092 2855 1219 2928 urbem
1238 2856 1371 2929 turbati
1385 2873 1420 2930 et

336 2972 569 3071 expergefacti
581 2987 677 3045 sunt
695 2973 922 3070 Quicumque
935 2942 1056 3043 Kaioli
1072 2953 1233 3071 partibus
1251 2973 1418 3072 favebant

335 3111 421 3157 mox
435 3085 600 3186 profugio
614 3111 689 3160 sese
702 3086 956 3159 liberaverunt.
965 3077 1078 3175 Quod
1092 3088 1199 3160 etiam
1213 3088 1272 3158 vix
1285 3065 1418 3160 factum

335 3203 411 3300 ¹suit.
435 3207 525 3308 Nam
543 3230 627 3276 cum
617 3229 734 3310 pene
746 3167 865 3298 adhuc
877 3204 1071 3316 fugerent,
1075 3205 1194 3276 statim
1208 3219 1282 3276 tota
1296 3207 1419 3279 civitas

335 3294 519 3398 obfirmari
534 3325 579 3396 ab
599 3301 856 3422 ddalberon'e
838 3346 937 3422 jussa
951 3339 1021 3415 est,
1046 3299 1087 3396 ιιι
1102 3350 1229 3397 omnes
1243 3351 1361 3424 quos
1349 3326 1418 3399 sibi

278 3423 284 3432 i
334 3427 503 3530 adversos
522 3435 683 3534 putabat
695 3431 1044 3534 comprehenderet.
1056 3437 1201 3523 Quaesiti
1220 3435 1356 3529 firere,
1349 3463 1417 3538 nec

334 3551 498 3660 reperti.
501 3535 711 3651 Subductus
731 3567 784 3624 est
809 3567 845 3622 et
863 3543 984 3624 Karoli
1007 3549 1099 3654 filius
1121 3539 1278 3643 biennis,
1306 3552 1418 3651 patris

334 3655 552 3772 vocabulum
565 3642 722 3762 habens,
739 3653 774 3742 et
787 3693 808 3740 a
821 3669 1024 3768 captivitate
1034 3644 1220 3741 liberatus
1237 3669 1415 3742 Adalbero

335 3809 417 3881 regr¹
399 3758 656 3878 Βιιιιιιιιιοιιιιι
675 3786 809 3884 legatos
825 3786 919 3858 otius
945 3785 1080 3878 ιιιιιιιι;
1101 3786 1288 3885 quondam
1311 3788 1415 3860 amis·

335 3927 412 3998 sam
438 3902 567 3976 urbem
595 3905 671 4000 jam
703 3903 907 4003 receptam,
929 3903 1102 3977 Karolum
1133 3929 1218 3976 cum
1244 3930 1357 3978 uxore
1380 3919 1414 3978 et

334 4021 430 4110 natis,
444 4001 611 4119 captum„¹
633 4037 740 4118 atque
759 4020 946 4094 ιιιιιιιιιιιιιι
972 4021 1067 4094 inter
1089 4021 1211 4094 hostes
1228 4022 1414 4094 inventum
1438 4037 1441 4042 ’

334 4151 370 4208 et
390 4136 691 4234 comprehensum
717 4137 878 4211 mandat.
905 4136 1009 4208 Unde
1039 4151 1075 4210 et
1099 4138 1176 4210 sine
1201 4162 1304 4208 mora
1329 4163 1413 4209 cum

334 4256 717 4352 quotcumque-possit
742 4256 872 4359 ¹veniat.
903 4255 1080 4327 Exercitui
1109 4254 1312 4351 colligendo
1334 4279 1412 4326 mo·
