3324 5298
370 535 431 595 aas
591 517 594 527 '
725 531 892 595 utonem
914 533 990 598 ns.
1014 535 1068 594 tv.

373 696 392 736 n
412 682 528 760 tutus,
548 683 642 741 utet
664 671 738 767 regi
761 668 888 760 fidem,
914 683 949 740 et
970 669 1116 741 Amulio
1135 694 1178 743 ex
1192 675 1440 770 consanguini-

371 813 390 852 «
411 799 481 857 tate
495 785 722 858 dilectionem
735 787 875 859 debeat.
894 787 998 859 Unde
1021 804 1056 860 et
1079 788 1210 862 nullius
1228 789 1301 861 doli
1326 793 1440 892 suspi-

371 932 390 970 «
410 904 508 976 tione
526 905 702 977 tenendus
726 905 810 996 erit,
837 929 946 1003 quem
966 903 1115 977 fidelitas
1133 905 1271 978 domini
1288 908 1334 980 ad
1344 909 1439 1004 judi-

372 1051 390 1089 «
411 1022 500 1093 tium
514 1023 690 1114 incitabit,
707 1036 743 1094 et
760 1023 886 1094 caritas
898 1022 1087 1122 proximia
1105 1023 1346 1097 malivolentia
1357 1051 1439 1125 pro·

372 1167 391 1207 n
410 1138 558 1211 hibebit.
577 1169 595 1208 n

667 1321 768 1373 LVIII.
781 1349 817 1362 -
830 1321 976 1393 Responsio
990 1320 1132 1374 Bnmonis.

418 1479 471 1551 Ad
487 1479 556 1552 hec
569 1485 688 1552 Bruno
701 1481 890 1580 episcopus
906 1507 913 1550 :
935 1506 953 1546 α
969 1481 1138 1570 Mentem,
1154 1505 1174 1546 n
1188 1478 1315 1576 inquit,
1333 1508 1352 1550 n
1364 1505 1440 1552 ves·

372 1626 390 1664 n
410 1611 503 1668 tram
527 1599 610 1670 satis
633 1598 740 1698 plane
768 1596 938 1698 intelligo.
965 1595 1029 1666 Hic
1051 1595 1115 1693 qui
1139 1620 1221 1667 reus
1249 1599 1440 1693 majestatis

371 1741 389 1780 «
410 1730 595 1787 accusatur
616 1715 731 1787 carnis
749 1713 919 1786 affinitate
943 1713 1031 1783 mihi
1053 1711 1293 1810 conjungitur,
1316 1731 1440 1815 utpote

371 1832 579 1904 «avunculi
603 1832 674 1903 mei
703 1830 861 1903 Lotharii
885 1831 976 1927 regis
1001 1829 1106 1900 filius.
1136 1830 1240 1902 Unde
1264 1847 1301 1902 et
1325 1848 1441 1905 vestra

372 1975 390 2014 n
410 1947 608 2046 benignitas
620 1949 709 2019 mihi
727 1947 804 2019 fieri
822 1947 988 2043 injuriam
1001 1948 1128 2019 metuit
1143 1947 1171 2038 ⁴,
1193 1949 1223 2019 si
1236 1947 1384 2046 dignum
1394 1950 1440 2024 de

372 2093 391 2132 n
411 2090 491 2137 eoa
513 2066 617 2138 vobis
638 2065 839 2164 proferatur
852 2064 1034 2161 juditium.
1062 2063 1133 2135 Sed
1156 2063 1258 2156 absit,
1278 2081 1319 2136 ut
1343 2088 1441 2138 amo·

371 2212 391 2251 n
410 2208 488 2254 rem
517 2182 832 2280 consanguinitatis
865 2181 994 2253 Christi
1018 2171 1148 2252 'amore
1179 2181 1441 2280 praeciosiorem

370 2330 388 2370 r<
408 2299 575 2372 habeam.
608 2303 693 2372 Rem
723 2298 820 2371 unde
849 2299 964 2396 agitur
988 2297 1154 2372 sanctitas
1184 2312 1301 2370 vestra
1322 2299 1442 2370 subtili

370 2449 388 2487 u
410 2419 576 2516 indagine
594 2443 737 2490 mecum
759 2416 934 2492 discutiat.
964 2417 1018 2488 De
1036 2415 1338 2489 condemnatione
1355 2442 1442 2489 con·

371 2565 390 2604 «
409 2537 504 2610 victo
533 2535 718 2608 inferenda
742 2535 833 2606 nihil
856 2548 1072 2623 metuentes,
1088 2557 1172 2604 cum
1191 2557 1291 2631 aeque
1304 2532 1441 2628 justum

371 2685 388 2724 n
409 2656 470 2746 sit,
505 2672 542 2727 et
571 2679 673 2727 reum
701 2653 892 2749 majestatis
926 2650 1107 2741 damnari,
1141 2664 1177 2721 et
1210 2651 1441 2724 innocentem

372 2807 391 2846 n
411 2778 533 2849 laxari.
553 2805 572 2845 u
621 2793 625 2802 ’

367 2975 441 3028 LIX.
450 3003 486 3016 ·-
494 2968 688 3025 Demonstratio
699 2969 815 3023 Ratbodi
824 2969 857 3036 *,
877 2969 951 3041 quod
966 2969 1108 3028 libellum*
1123 2968 1284 3024 infidelitatis
1297 2972 1440 3043 episcopi*

584 3054 799 3124 'Lothariensium
809 3062 826 3098 *
838 3065 1001 3135 perperam*
1014 3061 1218 3114 calumnientur.

416 3221 612 3312 Ratbodus,
635 3221 882 3293 Noviomensis
896 3221 1098 3319 episcopus,
1111 3219 1215 3291 dixit:
1228 3221 1293 3291 «Si
1305 3219 1438 3318 placet,

369 3354 527 3440 «patres
559 3338 767 3429 reverendi,
800 3337 961 3409 libellum
991 3335 1189 3426 fidelitatis,
1220 3335 1266 3406 ab
1293 3335 1440 3407 Arnulfo

368 3487 387 3526 n
408 3456 595 3556 quondam
623 3455 766 3553 regibus
791 3454 836 3526 de
861 3453 1029 3526 habenda
1055 3453 1128 3525 fide
1163 3468 1391 3552 porrectum,
1421 3478 1442 3526 a

368 3591 387 3644 n
407 3573 511 3646 vobis
524 3598 622 3645 nunc
643 3569 907 3645 discutiendum
920 3587 1023 3672 puto.
1039 3571 1190 3643 'Videtur
1207 3572 1324 3662 enirn,
1341 3571 1441 3669 quod

369 3721 389 3760 n
408 3691 505 3764 solus
523 3691 561 3760 in
585 3689 661 3786 ejus
684 3689 940 3788 dampnatione
959 3686 1126 3779 sufficiat,
1150 3712 1193 3760 co
1217 3688 1317 3786 quod
1331 3685 1441 3759 fidem

368 3808 639 3905 «jurejurando
665 3807 900 3904 promissam,
930 3818 966 3876 et
986 3829 1114 3875 manus
1139 3803 1271 3902 scripto
1294 3801 1441 3892 robora·

368 3958 386 3998 «
408 3942 503 4017 tam,
534 3923 718 4020 sacrilegio
736 3923 883 4022 perjurii
910 3921 1053 4020 penitus
1074 3921 1271 3993 violaverit.
1295 3919 1366 3991 Sed
1388 3932 1441 3990 est

368 4077 386 4137 a
408 4041 583 4144 quiddam
601 4039 704 4139 quod
714 4038 917 4130 remordet,
939 4038 1039 4136 quod
1057 4038 1190 4110 scilicet
1202 4061 1224 4109 a
1235 4036 1442 4110 Lotharien·

402 4236 417 4270 *
439 4234 544 4298 Ratbo,
557 4235 673 4299 bellum,
686 4230 803 4304 episcopi
818 4229 854 4295 L,
864 4245 1003 4301 perperam
1014 4227 1119 4280 abscisa.

402 4319 410 4350 ¹
432 4318 513 4371 metui
525 4316 581 4369 cod.
