3324 5298
351 527 411 586 236
638 549 640 554 ·
714 527 882 588 RICHERI
905 527 981 598 LIB.
1006 527 1062 587 IV.

427 701 500 753 LXI.
513 730 550 743 ·-
561 702 687 754 Arnnlfus
700 701 716 737 *
730 703 850 757 libellum
863 701 880 738 ¹*
894 720 926 756 ex
937 665 1012 775 parte
1023 703 1165 776 probast,
1187 716 1213 757 et
1231 722 1263 757 ex
1283 715 1357 776 parte

809 795 972 866 vituperat*.

398 938 479 1022 Quo
505 936 669 1026 recitat0,
696 935 864 1008 asinodo
890 936 1184 1033 investigaturum
1207 935 1356 1033 alicujus
1374 961 1429 1008 re·

347 1056 594 1155 prehensionis
606 1073 668 1129 aut
681 1057 897 1144 defensionis
909 1060 983 1131 vim
993 1059 1125 1131 habere
1141 1058 1316 1131 videatur.
1329 1064 1430 1131 Tunc

347 1172 557 1244 venerabilis
573 1175 761 1274 episcopus
775 1175 951 1268 Arnuifus,
972 1176 1130 1275 eoquod
1145 1174 1306 1247 officium
1318 1176 1428 1248 inter-

347 1290 512 1400 pretandi
526 1292 558 1362 ei
573 1293 805 1364 commissum
819 1308 904 1366 erat.
929 1324 947 1376 u
960 1298 1004 1366 Et
1013 1319 1086 1392 pro
1101 1318 1151 1384 se,
1172 1321 1189 1361 u
1204 1294 1332 1391 inquit,
1351 1322 1370 1363 u
1385 1319 1429 1365 ex

350 1434 367 1472 α
389 1421 490 1503 parte
504 1407 750 1480 defensionem
767 1411 945 1501 continet,
970 1426 1005 1482 et
1019 1411 1111 1482 vires
1134 1435 1177 1480 ex
1194 1425 1295 1508 parte
1310 1434 1430 1507 repre·

350 1551 367 1589 κ
389 1521 604 1597 hensoribus
629 1526 892 1598 accommodat.
918 1531 1032 1600 Causa
1055 1550 1212 1624 namque
1230 1539 1270 1596 ut
1295 1524 1429 1596 scrihe-

349 1668 367 1705 ι(
389 1655 498 1731 retur,
519 1641 594 1738 ejus
615 1658 740 1714 auctor
753 1644 919 1715 Amulius
938 1644 1016 1732 fuit,
1036 1644 1098 1740 qui
1116 1668 1200 1714 curn
1212 1641 1430 1714 detestandae

350 1785 367 1823 u
390 1757 592 1856 cupiditatis
608 1759 739 1830 morbo
762 1761 915 1831 nimium
935 1760 1134 1849 laboraret,
1165 1757 1354 1855 egitquod
1371 1784 1429 1830 re·

349 1874 564 1970 «prehendi
588 1890 729 1972 potest,
761 1901 846 1947 cum
869 1875 1008 1972 juratus
1036 1875 1146 1946 fidem
1166 1900 1241 1947 non
1261 1874 1424 1947 servavit.

348 2021 366 2058 u
388 1997 465 2063 Hoc
477 1993 848 2092 enim'reprehensioni
862 1993 1072 2066 succumbit.
1087 1998 1130 2065 Et
1141 1992 1243 2091 quod
1254 1993 1430 2092 sapientes

348 2137 365 2176 u
389 2123 424 2180 et
440 2108 529 2179 boni
548 2109 585 2179 id
600 2109 812 2200 effecerunt,
831 2109 932 2207 quod
950 2103 1043 2181 dolis
1063 2125 1099 2180 et
1115 2109 1250 2180 astutiae
1266 2108 1430 2207 perditis-

348 2256 365 2293 «
388 2227 468 2297 simi
482 2226 639 2297 hominis
659 2227 872 2317 contrairet,
894 2241 1020 2297 contra
1037 2225 1208 2324 querulos
1229 2225 1428 2297 defensioni

347 2372 364 2410 u
387 2343 591 2434 firmitatem
617 2342 774 2435 affectat,
796 2335 960 2442 viresque
981 2345 1178 2434 ministrat,
1200 2357 1235 2414 et
1256 2341 1429 2441 quicquid

348 2490 365 2528 u
385 2443 476 2531 illud
496 2461 564 2551 sit,
597 2460 802 2532 testimonio
823 2475 942 2532 tamen
969 2459 1217 2532 roborandum
1240 2473 1303 2530 est.
1339 2462 1426 2529 Pro·

347 2601 364 2639 u
386 2571 491 2643 cedat
508 2569 701 2668 Adalgerus
720 2571 913 2669 presbiter;
935 2570 1035 2643 adest
1054 2595 1211 2668 namque
1230 2571 1292 2668 qui
1305 2595 1427 2640 rerum

346 2692 514 2770 «seriem
535 2688 748 2789 proditionis
773 2691 939 2761 conscius
968 2689 1103 2787 optime
1132 2689 1245 2760 novit.
1279 2686 1341 2759 llle
1366 2688 1426 2757 in-

345 2837 363 2874 «
385 2831 495 2904 quam
517 2806 628 2896 adsit,
658 2821 694 2877 et
718 2820 842 2877 vestrae
862 2805 1064 2878 claritudini
1086 2805 1288 2877 inauditum
1310 2803 1426 2875 scelus

346 2954 363 2994 u
385 2923 513 3013 edicat,
535 2937 576 2994 ut
591 2937 627 2994 et
644 2922 706 2994 ubi
726 2924 770 2995 sit
783 2925 996 3023 vituperatio
1008 2923 1175 2998 habenda
1186 2923 1422 3020 cognoscatis,

346 3073 363 3110 «
387 3039 499 3112 et'ubi
512 3039 588 3112 laus
602 3041 835 3114 concedenda
853 3042 1014 3115 videatis.
1035 3071 1053 3109 u

483 3245 571 3300 LXII.
584 3277 621 3290 -
633 3247 798 3327 Admovetur
808 3249 840 3284 *⁵*
855 3248 1038 3324 Adaigerus**
1050 3247 1212 3302 accusationi
1223 3245 1264 3296 **.

392 3407 586 3506 Adalgerus
606 3409 726 3506 itaque
745 3409 935 3480 accersitus
956 3408 1069 3481 adest.
1091 3409 1205 3504 Super
1224 3405 1292 3476 hac
1317 3426 1356 3474 re
1371 3403 1425 3473 in·

342 3540 540 3623 terrogatus
558 3543 594 3598 et
612 3525 662 3597 nil
675 3541 834 3598 moratus
851 3526 1067 3626 respondet:
1090 3523 1284 3613 «Utinam,
1307 3535 1425 3620 patres

345 3671 362 3708 «
385 3643 516 3732 sancti,
537 3643 575 3712 in
594 3642 663 3715 hac
677 3643 868 3715 vocatione
886 3641 1105 3714 concedatur
1124 3640 1214 3711 mihi
1235 3639 1354 3735 aliqua
1370 3659 1424 3706 re-

344 3788 361 3826 «
382 3759 559 3830 missionis
574 3758 806 3857 indulgentia.
829 3758 900 3830 Sed
924 3760 1008 3857 quia
1031 3758 1079 3830 ad
1097 3757 1136 3853 id
1152 3756 1307 3846 deveni,
1331 3768 1373 3823 ut
1395 3751 1424 3822 si

345 3905 362 3942 α
384 3875 473 3974 quid
486 3875 586 3973 quod
599 3901 666 3974 pro
680 3901 738 3948 me
752 3876 857 3948 faciat
869 3876 1020 3948 inveniri
1034 3875 1160 3974 possit,
1177 3873 1214 3945 id
1228 3885 1354 3943 contra
1365 3889 1424 3937 me

344 4021 361 4059 u
376 3988 476 4062 *stare
490 3991 665 4082 uideatur,
683 3991 800 4064 verbis
818 3989 1044 4064 brevioribus
1058 3989 1159 4090 quod
1176 3986 1332 4087 quaeritis
1349 3981 1424 4055 edi-

378 4205 394 4240 *
411 4206 529 4272 bellum,
543 4208 655 4278 probat,
668 4207 725 4259 vitu
737 4206 832 4258 abscisa
850 4206 899 4280 (sic
911 4203 1008 4277 Pertz).

378 4289 410 4326 *¹*
429 4303 531 4357 ovetur,
544 4311 608 4359 rus,
621 4311 670 4359 ac,
683 4292 731 4359 ni,
745 4293 772 4345 io
785 4293 880 4346 abscisa
896 4291 947 4364 (sic
959 4288 1059 4361 Perta).
