<?xml version="1.0" encoding="UTF-8"?>
<!DOCTYPE html PUBLIC "-//W3C//DTD XHTML 1.0 Transitional//EN"
    "http://www.w3.org/TR/xhtml1/DTD/xhtml1-transitional.dtd">
<html xmlns="http://www.w3.org/1999/xhtml" xml:lang="en" lang="en">
 <head>
  <title>
</title>
<meta http-equiv="Content-Type" content="text/html;charset=utf-8" />
  <meta name='ocr-system' content='tesseract 3.04.00' />
  <meta name='ocr-capabilities' content='ocr_page ocr_carea ocr_par ocr_line ocrx_word'/>
</head>
<body>
  <div class='ocr_page' id='page_1' title='image "./richerhistoired01parigoog_0144.png"; bbox 0 0 3314 5294; ppageno 0'>
   <div class='ocr_carea' id='block_1_1' title="bbox 347 508 1068 575">
    <p class='ocr_par' dir='ltr' id='par_1_1' title="bbox 347 508 1068 575">
     <span class='ocr_line' id='line_1_1' title="bbox 347 508 1068 575; baseline 0 -2"><span class='ocrx_word' id='word_1_1' title='bbox 347 515 406 575; x_wconf 72' lang='lat'><strong>128</strong></span> <span class='ocrx_word' id='word_1_2' title='bbox 719 508 886 572; x_wconf 83' lang='lat' dir='ltr'><strong>RlGHElll</strong></span> <span class='ocrx_word' id='word_1_3' title='bbox 908 509 983 572; x_wconf 86' lang='lat' dir='ltr'><strong>LIB.</strong></span> <span class='ocrx_word' id='word_1_4' title='bbox 1007 509 1068 573; x_wconf 86' lang='grc' dir='ltr'><strong>ΙΙΙ.</strong></span> 
     </span>
    </p>
   </div>
   <div class='ocr_carea' id='block_1_2' title="bbox 344 640 1431 1444">
    <p class='ocr_par' dir='ltr' id='par_1_2' title="bbox 344 640 1431 1444">
     <span class='ocr_line' id='line_1_2' title="bbox 345 640 1422 741; baseline -0.005 -23"><span class='ocrx_word' id='word_1_5' title='bbox 345 668 504 736; x_wconf 73' lang='lat' dir='ltr'><strong>nexum,</strong></span> <span class='ocrx_word' id='word_1_6' title='bbox 541 667 626 716; x_wconf 87' lang='lat' dir='ltr'><strong>eum</strong></span> <span class='ocrx_word' id='word_1_7' title='bbox 661 641 782 716; x_wconf 88' lang='lat' dir='ltr'><strong>electis</strong></span> <span class='ocrx_word' id='word_1_8' title='bbox 810 643 965 716; x_wconf 89' lang='lat' dir='ltr'><strong>militum</strong></span> <span class='ocrx_word' id='word_1_9' title='bbox 999 641 1113 741; x_wconf 89' lang='lat' dir='ltr'><strong>copiis</strong></span> <span class='ocrx_word' id='word_1_10' title='bbox 1145 640 1293 740; x_wconf 90' lang='lat' dir='ltr'><strong>ingressi</strong></span> <span class='ocrx_word' id='word_1_11' title='bbox 1326 655 1422 714; x_wconf 90' lang='lat' dir='ltr'><strong>sunt.</strong></span> 
     </span>
     <span class='ocr_line' id='line_1_3' title="bbox 346 757 1429 859; baseline -0.004 -24"><span class='ocrx_word' id='word_1_12' title='bbox 346 766 538 836; x_wconf 82' lang='lat' dir='ltr'>Annonam</span> <span class='ocrx_word' id='word_1_13' title='bbox 556 785 704 834; x_wconf 91' lang='lat' dir='ltr'><strong>omnem</strong></span> <span class='ocrx_word' id='word_1_14' title='bbox 722 761 1002 859; x_wconf 82' lang='lat' dir='ltr'><strong>circumquaque</strong></span> <span class='ocrx_word' id='word_1_15' title='bbox 1026 758 1156 832; x_wconf 87' lang='lat' dir='ltr'><strong>milites</strong></span> <span class='ocrx_word' id='word_1_16' title='bbox 1179 757 1340 858; x_wconf 91' lang='lat' dir='ltr'><strong>palantes</strong></span> <span class='ocrx_word' id='word_1_17' title='bbox 1365 758 1429 831; x_wconf 90' lang='lat' dir='ltr'><strong>ad·</strong></span> 
     </span>
     <span class='ocr_line' id='line_1_4' title="bbox 344 865 1429 976; baseline -0.003 -25"><span class='ocrx_word' id='word_1_18' title='bbox 344 895 487 952; x_wconf 84' lang='lat' dir='ltr'><strong>vectare</strong></span> <span class='ocrx_word' id='word_1_19' title='bbox 499 879 670 952; x_wconf 87' lang='lat' dir='ltr'><strong>fecerunt.</strong></span> <span class='ocrx_word' id='word_1_20' title='bbox 693 879 963 976; x_wconf 89' lang='lat' dir='ltr'><strong>Negotiatorum</strong></span> <span class='ocrx_word' id='word_1_21' title='bbox 977 902 1123 975; x_wconf 92' lang='lat' dir='ltr'><strong>quoque</strong></span> <span class='ocrx_word' id='word_1_22' title='bbox 1134 865 1251 949; x_wconf 70' lang='lat' dir='ltr'><strong>uictus</strong></span> <span class='ocrx_word' id='word_1_23' title='bbox 1264 877 1302 947; x_wconf 90' lang='lat' dir='ltr'><strong>in</strong></span> <span class='ocrx_word' id='word_1_24' title='bbox 1321 901 1429 948; x_wconf 91' lang='lat' dir='ltr'><strong>usum</strong></span> 
     </span>
     <span class='ocr_line' id='line_1_5' title="bbox 346 992 1430 1094; baseline -0.003 -25"><span class='ocrx_word' id='word_1_25' title='bbox 346 996 517 1069; x_wconf 88' lang='lat' dir='ltr'><strong>bellicum</strong></span> <span class='ocrx_word' id='word_1_26' title='bbox 549 1010 775 1094; x_wconf 86' lang='lat' dir='ltr'><strong>acceperunt.</strong></span> <span class='ocrx_word' id='word_1_27' title='bbox 809 997 1004 1094; x_wconf 80' lang='lat' dir='ltr'><strong>Lignorum</strong></span> <span class='ocrx_word' id='word_1_28' title='bbox 1034 992 1152 1068; x_wconf 86' lang='lat' dir='ltr'><strong>trabes</strong></span> <span class='ocrx_word' id='word_1_29' title='bbox 1189 1018 1232 1065; x_wconf 85' lang='lat' dir='ltr'><strong>ex</strong></span> <span class='ocrx_word' id='word_1_30' title='bbox 1261 997 1430 1091; x_wconf 80' lang='lat' dir='ltr'><strong>Argonna</strong></span> 
     </span>
     <span class='ocr_line' id='line_1_6' title="bbox 348 1109 1430 1212; baseline -0.001 -27"><span class='ocrx_word' id='word_1_31' title='bbox 348 1114 528 1212; x_wconf 87' lang='lat' dir='ltr'><strong>aggregari</strong></span> <span class='ocrx_word' id='word_1_32' title='bbox 551 1113 734 1210; x_wconf 86' lang='lat' dir='ltr'><strong>jusserunt</strong></span> <span class='ocrx_word' id='word_1_33' title='bbox 757 1127 800 1185; x_wconf 89' lang='lat' dir='ltr'><strong>ut</strong></span> <span class='ocrx_word' id='word_1_34' title='bbox 822 1112 862 1184; x_wconf 92' lang='lat' dir='ltr'><strong>si</strong></span> <span class='ocrx_word' id='word_1_35' title='bbox 876 1111 922 1185; x_wconf 86' lang='lat' dir='ltr'><strong>ab</strong></span> <span class='ocrx_word' id='word_1_36' title='bbox 940 1110 1105 1184; x_wconf 86' lang='lat' dir='ltr'><strong>hostibus</strong></span> <span class='ocrx_word' id='word_1_37' title='bbox 1130 1125 1229 1184; x_wconf 85' lang='lat' dir='ltr'><strong>extra</strong></span> <span class='ocrx_word' id='word_1_38' title='bbox 1256 1109 1430 1184; x_wconf 88' lang='lat' dir='ltr'><strong>machinae</strong></span> 
     </span>
     <span class='ocr_line' id='line_1_7' title="bbox 349 1228 1431 1339; baseline -0.001 -38"><span class='ocrx_word' id='word_1_39' title='bbox 349 1231 461 1301; x_wconf 85' lang='lat' dir='ltr'><strong>muris</strong></span> <span class='ocrx_word' id='word_1_40' title='bbox 491 1229 774 1339; x_wconf 76' lang='lat' dir='ltr'><strong>applicarentur,</strong></span> <span class='ocrx_word' id='word_1_41' title='bbox 807 1229 875 1328; x_wconf 92' lang='lat' dir='ltr'><strong>ipsi</strong></span> <span class='ocrx_word' id='word_1_42' title='bbox 897 1247 1043 1328; x_wconf 91' lang='lat' dir='ltr'><strong>quoque</strong></span> <span class='ocrx_word' id='word_1_43' title='bbox 1065 1230 1213 1301; x_wconf 89' lang='lat' dir='ltr'><strong>interius</strong></span> <span class='ocrx_word' id='word_1_44' title='bbox 1238 1228 1431 1316; x_wconf 75' lang='lat' dir='ltr'><strong>obtinenti·</strong></span> 
     </span>
     <span class='ocr_line' id='line_1_8' title="bbox 348 1343 1431 1444; baseline 0 -26"><span class='ocrx_word' id='word_1_45' title='bbox 348 1344 418 1418; x_wconf 94' lang='lat' dir='ltr'><strong>bus</strong></span> <span class='ocrx_word' id='word_1_46' title='bbox 441 1343 618 1418; x_wconf 82' lang='lat' dir='ltr'><strong>machinis</strong></span> <span class='ocrx_word' id='word_1_47' title='bbox 645 1343 787 1418; x_wconf 89' lang='lat' dir='ltr'><strong>obstare</strong></span> <span class='ocrx_word' id='word_1_48' title='bbox 810 1346 1034 1418; x_wconf 88' lang='lat' dir='ltr'><strong>molirentur.</strong></span> <span class='ocrx_word' id='word_1_49' title='bbox 1063 1349 1184 1418; x_wconf 87' lang='lat' dir='ltr'><strong>Crates</strong></span> <span class='ocrx_word' id='word_1_50' title='bbox 1207 1371 1354 1444; x_wconf 88' lang='lat' dir='ltr'><strong>quoque</strong></span> <span class='ocrx_word' id='word_1_51' title='bbox 1380 1347 1431 1418; x_wconf 87' lang='lat' dir='ltr'><strong>vi-</strong></span> 
     </span>
    </p>
   </div>
   <div class='ocr_carea' id='block_1_3' title="bbox 224 1449 1429 1556">
    <p class='ocr_par' dir='ltr' id='par_1_3' title="bbox 224 1449 1429 1556">
     <span class='ocr_line' id='line_1_9' title="bbox 224 1449 1429 1556; baseline 0 -20"><span class='ocrx_word' id='word_1_52' title='bbox 224 1513 226 1516; x_wconf 95' lang='grc'>-</span> <span class='ocrx_word' id='word_1_53' title='bbox 350 1463 508 1536; x_wconf 91' lang='lat' dir='ltr'><strong>minibus</strong></span> <span class='ocrx_word' id='word_1_54' title='bbox 535 1449 571 1535; x_wconf 81' lang='lat' dir='ltr'><strong>et</strong></span> <span class='ocrx_word' id='word_1_55' title='bbox 598 1461 769 1535; x_wconf 88' lang='lat' dir='ltr'><strong>arborum</strong></span> <span class='ocrx_word' id='word_1_56' title='bbox 793 1462 982 1535; x_wconf 88' lang='lat' dir='ltr'><strong>frondibus</strong></span> <span class='ocrx_word' id='word_1_57' title='bbox 1013 1462 1148 1535; x_wconf 86' lang='lat' dir='ltr'><strong>validas</strong></span> <span class='ocrx_word' id='word_1_58' title='bbox 1179 1463 1429 1556; x_wconf 85' lang='lat' dir='ltr'><strong>intexuerunt,</strong></span> 
     </span>
    </p>
   </div>
   <div class='ocr_carea' id='block_1_4' title="bbox 351 1565 1438 2362">
    <p class='ocr_par' dir='ltr' id='par_1_4' title="bbox 351 1565 1438 2362">
     <span class='ocr_line' id='line_1_10' title="bbox 352 1565 1428 1681; baseline -0.003 -27"><span class='ocrx_word' id='word_1_59' title='bbox 352 1582 528 1680; x_wconf 77' lang='lat' dir='ltr'><strong>machinis</strong></span> <span class='ocrx_word' id='word_1_60' title='bbox 541 1582 690 1672; x_wconf 87' lang='lat' dir='ltr'><strong>erectis,</strong></span> <span class='ocrx_word' id='word_1_61' title='bbox 711 1582 740 1652; x_wconf 94' lang='lat' dir='ltr'><strong>si</strong></span> <span class='ocrx_word' id='word_1_62' title='bbox 752 1607 807 1654; x_wconf 89' lang='lat' dir='ltr'><strong>res</strong></span> <span class='ocrx_word' id='word_1_63' title='bbox 822 1595 1041 1681; x_wconf 86' lang='lat' dir='ltr'><strong>exposceret,</strong></span> <span class='ocrx_word' id='word_1_64' title='bbox 1063 1565 1382 1680; x_wconf 79' lang='lat' dir='ltr'><strong>supersternendos</strong></span> <span class='ocrx_word' id='word_1_65' title='bbox 1400 1580 1428 1652; x_wconf 80' lang='lat'><strong>⁴.</strong></span> 
     </span>
     <span class='ocr_line' id='line_1_11' title="bbox 352 1683 1434 1796; baseline 0 -26"><span class='ocrx_word' id='word_1_66' title='bbox 352 1699 467 1796; x_wconf 80' lang='lat' dir='ltr'><strong>Sudes</strong></span> <span class='ocrx_word' id='word_1_67' title='bbox 485 1699 580 1772; x_wconf 88' lang='lat' dir='ltr'><strong>ferro</strong></span> <span class='ocrx_word' id='word_1_68' title='bbox 598 1700 842 1790; x_wconf 88' lang='lat' dir='ltr'><strong>acuminatos,</strong></span> <span class='ocrx_word' id='word_1_69' title='bbox 868 1713 904 1772; x_wconf 91' lang='lat' dir='ltr'><strong>et</strong></span> <span class='ocrx_word' id='word_1_70' title='bbox 923 1699 1006 1796; x_wconf 89' lang='lat' dir='ltr'><strong>igne</strong></span> <span class='ocrx_word' id='word_1_71' title='bbox 1026 1683 1215 1791; x_wconf 89' lang='lat' dir='ltr'><strong>subustos,</strong></span> <span class='ocrx_word' id='word_1_72' title='bbox 1238 1698 1286 1770; x_wconf 86' lang='lat' dir='ltr'><strong>ad</strong></span> <span class='ocrx_word' id='word_1_73' title='bbox 1311 1698 1434 1771; x_wconf 92' lang='lat' dir='ltr'><strong>hostes</strong></span> 
     </span>
     <span class='ocr_line' id='line_1_12' title="bbox 351 1813 1435 1915; baseline 0.001 -28"><span class='ocrx_word' id='word_1_74' title='bbox 351 1813 643 1888; x_wconf 87' lang='lat' dir='ltr'><strong>transfodiendos</strong></span> <span class='ocrx_word' id='word_1_75' title='bbox 668 1815 898 1915; x_wconf 89' lang='lat' dir='ltr'><strong>quamplures</strong></span> <span class='ocrx_word' id='word_1_76' title='bbox 923 1830 1147 1914; x_wconf 85' lang='lat' dir='ltr'><strong>aptaverunt.</strong></span> <span class='ocrx_word' id='word_1_77' title='bbox 1180 1815 1324 1906; x_wconf 81' lang='lat' dir='ltr'><strong>Missilia</strong></span> <span class='ocrx_word' id='word_1_78' title='bbox 1345 1814 1435 1888; x_wconf 89' lang='lat' dir='ltr'><strong>varii</strong></span> 
     </span>
     <span class='ocr_line' id='line_1_13' title="bbox 354 1936 1436 2036; baseline 0.002 -28"><span class='ocrx_word' id='word_1_79' title='bbox 354 1939 493 2036; x_wconf 89' lang='lat' dir='ltr'><strong>generis</strong></span> <span class='ocrx_word' id='word_1_80' title='bbox 516 1961 583 2036; x_wconf 89' lang='lat' dir='ltr'><strong>per</strong></span> <span class='ocrx_word' id='word_1_81' title='bbox 606 1936 726 2009; x_wconf 81' lang='lat' dir='ltr'><strong>fabros</strong></span> <span class='ocrx_word' id='word_1_82' title='bbox 750 1936 953 2036; x_wconf 86' lang='lat' dir='ltr'><strong>expediere.</strong></span> <span class='ocrx_word' id='word_1_83' title='bbox 983 1938 1138 2010; x_wconf 89' lang='lat' dir='ltr'><strong>Funium</strong></span> <span class='ocrx_word' id='word_1_84' title='bbox 1164 1936 1309 2010; x_wconf 90' lang='lat' dir='ltr'><strong>millena</strong></span> <span class='ocrx_word' id='word_1_85' title='bbox 1333 1938 1436 2010; x_wconf 84' lang='lat' dir='ltr'><strong>volu·</strong></span> 
     </span>
     <span class='ocr_line' id='line_1_14' title="bbox 355 2043 1436 2154; baseline 0 -26"><span class='ocrx_word' id='word_1_86' title='bbox 355 2055 454 2128; x_wconf 89' lang='lat' dir='ltr'><strong>mina</strong></span> <span class='ocrx_word' id='word_1_87' title='bbox 479 2053 526 2125; x_wconf 89' lang='lat' dir='ltr'><strong>ad</strong></span> <span class='ocrx_word' id='word_1_88' title='bbox 551 2043 636 2125; x_wconf 64' lang='lat' dir='ltr'><strong>usu&#39;s</strong></span> <span class='ocrx_word' id='word_1_89' title='bbox 657 2053 818 2126; x_wconf 89' lang='lat' dir='ltr'><strong>diversos</strong></span> <span class='ocrx_word' id='word_1_90' title='bbox 841 2070 1098 2127; x_wconf 83' lang='lat' dir='ltr'><strong>convexerunt.</strong></span> <span class='ocrx_word' id='word_1_91' title='bbox 1122 2047 1263 2154; x_wconf 85' lang='lat' dir='ltr'><strong>Clipeos</strong></span> <span class='ocrx_word' id='word_1_92' title='bbox 1289 2063 1436 2152; x_wconf 84' lang='lat' dir='ltr'><strong>quoque</strong></span> 
     </span>
     <span class='ocr_line' id='line_1_15' title="bbox 354 2168 1438 2264; baseline 0.002 -22"><span class='ocrx_word' id='word_1_93' title='bbox 354 2169 530 2242; x_wconf 88' lang='lat' dir='ltr'><strong>habendae</strong></span> <span class='ocrx_word' id='word_1_94' title='bbox 547 2168 717 2242; x_wconf 92' lang='lat' dir='ltr'><strong>testudini</strong></span> <span class='ocrx_word' id='word_1_95' title='bbox 735 2169 975 2264; x_wconf 91' lang='lat' dir='ltr'><strong>ordinandos,</strong></span> <span class='ocrx_word' id='word_1_96' title='bbox 1002 2172 1244 2245; x_wconf 88' lang='lat' dir='ltr'><strong>instituerunt.</strong></span> <span class='ocrx_word' id='word_1_97' title='bbox 1273 2176 1438 2244; x_wconf 89' lang='lat' dir='ltr'><strong>Preterea</strong></span> 
     </span>
     <span class='ocr_line' id='line_1_16' title="bbox 356 2281 1116 2362; baseline 0 -3"><span class='ocrx_word' id='word_1_98' title='bbox 356 2301 508 2359; x_wconf 87' lang='lat' dir='ltr'><strong>centena</strong></span> <span class='ocrx_word' id='word_1_99' title='bbox 522 2287 649 2360; x_wconf 87' lang='lat' dir='ltr'><strong>mortis</strong></span> <span class='ocrx_word' id='word_1_100' title='bbox 667 2281 846 2361; x_wconf 88' lang='lat' dir='ltr'><strong>tormenta</strong></span> <span class='ocrx_word' id='word_1_101' title='bbox 864 2313 940 2361; x_wconf 90' lang='lat' dir='ltr'><strong>non</strong></span> <span class='ocrx_word' id='word_1_102' title='bbox 958 2289 1116 2362; x_wconf 85' lang='lat' dir='ltr'><strong>defuere.</strong></span> 
     </span>
    </p>
   </div>
   <div class='ocr_carea' id='block_1_5' title="bbox 584 2663 1202 2739">
    <p class='ocr_par' dir='ltr' id='par_1_5' title="bbox 584 2663 1202 2739">
     <span class='ocr_line' id='line_1_17' title="bbox 584 2663 1202 2739; baseline 0.019 -24"><span class='ocrx_word' id='word_1_103' title='bbox 584 2663 658 2716; x_wconf 89' lang='lat' dir='ltr'>CIV.</span> <span class='ocrx_word' id='word_1_104' title='bbox 668 2693 702 2704; x_wconf 88' lang='lat'>-</span> <span class='ocrx_word' id='word_1_105' title='bbox 711 2666 832 2739; x_wconf 83' lang='lat' dir='ltr'><strong>Repetite</strong></span> <span class='ocrx_word' id='word_1_106' title='bbox 844 2669 861 2703; x_wconf 75' lang='lat'>*</span> <span class='ocrx_word' id='word_1_107' title='bbox 876 2668 1001 2722; x_wconf 89' lang='lat' dir='ltr'><strong>Virduno</strong></span> <span class='ocrx_word' id='word_1_108' title='bbox 1008 2669 1025 2704; x_wconf 81' lang='lat'>*</span> <span class='ocrx_word' id='word_1_109' title='bbox 1036 2689 1053 2724; x_wconf 86' lang='lat' dir='ltr'><strong>a</strong></span> <span class='ocrx_word' id='word_1_110' title='bbox 1064 2671 1202 2727; x_wconf 83' lang='lat' dir='ltr'><strong>Lotbario.</strong></span> 
     </span>
    </p>
   </div>
   <div class='ocr_carea' id='block_1_6' title="bbox 360 2841 1496 3882">
    <p class='ocr_par' dir='ltr' id='par_1_6' title="bbox 360 2841 1496 3882">
     <span class='ocr_line' id='line_1_18' title="bbox 408 2841 1443 2946; baseline 0.007 -32"><span class='ocrx_word' id='word_1_111' title='bbox 408 2841 624 2946; x_wconf 87' lang='lat' dir='ltr'><strong>Nuntiantur</strong></span> <span class='ocrx_word' id='word_1_112' title='bbox 657 2843 734 2916; x_wconf 87' lang='lat' dir='ltr'><strong>haee</strong></span> <span class='ocrx_word' id='word_1_113' title='bbox 781 2845 963 2920; x_wconf 86' lang='lat' dir='ltr'><strong>Lothario.</strong></span> <span class='ocrx_word' id='word_1_114' title='bbox 1016 2849 1088 2935; x_wconf 90' lang='lat' dir='ltr'><strong>Qui</strong></span> <span class='ocrx_word' id='word_1_115' title='bbox 1125 2861 1266 2920; x_wconf 88' lang='lat' dir='ltr'><strong>tantum</strong></span> <span class='ocrx_word' id='word_1_116' title='bbox 1306 2847 1443 2920; x_wconf 88' lang='lat' dir='ltr'><strong>facinus</strong></span> 
     </span>
     <span class='ocr_line' id='line_1_19' title="bbox 360 2957 1442 3061; baseline 0.006 -30"><span class='ocrx_word' id='word_1_117' title='bbox 360 2957 531 3031; x_wconf 83' lang='lat' dir='ltr'><strong>accidisse</strong></span> <span class='ocrx_word' id='word_1_118' title='bbox 564 2960 737 3032; x_wconf 84' lang='lat' dir='ltr'><strong>acerrime</strong></span> <span class='ocrx_word' id='word_1_119' title='bbox 759 2962 992 3061; x_wconf 88' lang='lat' dir='ltr'><strong>indignatus,</strong></span> <span class='ocrx_word' id='word_1_120' title='bbox 1030 2965 1225 3036; x_wconf 83' lang='lat' dir='ltr'><strong>exereitum</strong></span> <span class='ocrx_word' id='word_1_121' title='bbox 1254 2957 1442 3037; x_wconf 86' lang='lat' dir='ltr'><strong>dimissum</strong></span> 
     </span>
     <span class='ocr_line' id='line_1_20' title="bbox 360 3075 1443 3181; baseline 0.006 -34"><span class='ocrx_word' id='word_1_122' title='bbox 360 3075 562 3162; x_wconf 81' lang='lat' dir='ltr'><strong>revocavit3</strong></span> <span class='ocrx_word' id='word_1_123' title='bbox 601 3091 638 3148; x_wconf 91' lang='lat' dir='ltr'><strong>et</strong></span> <span class='ocrx_word' id='word_1_124' title='bbox 669 3079 719 3150; x_wconf 87' lang='lat' dir='ltr'><strong>sio</strong></span> <span class='ocrx_word' id='word_1_125' title='bbox 754 3103 838 3151; x_wconf 88' lang='lat' dir='ltr'><strong>cum</strong></span> <span class='ocrx_word' id='word_1_126' title='bbox 868 3081 995 3153; x_wconf 86' lang='lat' dir='ltr'><strong>decem</strong></span> <span class='ocrx_word' id='word_1_127' title='bbox 1030 3082 1173 3156; x_wconf 92' lang='lat' dir='ltr'><strong>milibus</strong></span> <span class='ocrx_word' id='word_1_128' title='bbox 1199 3097 1443 3181; x_wconf 86' lang='lat' dir='ltr'><strong>pugnatorum</strong></span> 
     </span>
     <span class='ocr_line' id='line_1_21' title="bbox 361 3191 1444 3300; baseline 0.007 -37"><span class='ocrx_word' id='word_1_129' title='bbox 361 3191 565 3264; x_wconf 91' lang='lat' dir='ltr'><strong>Virdunum</strong></span> <span class='ocrx_word' id='word_1_130' title='bbox 588 3194 710 3292; x_wconf 90' lang='lat' dir='ltr'><strong>petiit,</strong></span> <span class='ocrx_word' id='word_1_131' title='bbox 728 3209 731 3216; x_wconf 80' lang='grc'><em>’</em></span> <span class='ocrx_word' id='word_1_132' title='bbox 748 3212 855 3294; x_wconf 89' lang='lat' dir='ltr'><strong>atque</strong></span> <span class='ocrx_word' id='word_1_133' title='bbox 871 3201 876 3208; x_wconf 80' lang='grc'><strong>”</strong></span> <span class='ocrx_word' id='word_1_134' title='bbox 891 3198 1115 3272; x_wconf 87' lang='lat' dir='ltr'><strong>adversarios</strong></span> <span class='ocrx_word' id='word_1_135' title='bbox 1147 3202 1355 3300; x_wconf 90' lang='lat' dir='ltr'><strong>repentinus</strong></span> <span class='ocrx_word' id='word_1_136' title='bbox 1385 3225 1444 3298; x_wconf 89' lang='lat' dir='ltr'><strong>ag-</strong></span> 
     </span>
     <span class='ocr_line' id='line_1_22' title="bbox 360 3311 1444 3412; baseline 0.006 -31"><span class='ocrx_word' id='word_1_137' title='bbox 360 3333 500 3408; x_wconf 84' lang='lat' dir='ltr'><strong>gressus</strong></span> <span class='ocrx_word' id='word_1_138' title='bbox 521 3323 586 3406; x_wconf 87' lang='lat' dir='ltr'><strong>est.</strong></span> <span class='ocrx_word' id='word_1_139' title='bbox 615 3311 735 3382; x_wconf 84' lang='lat' dir='ltr'><strong>Primo</strong></span> <span class='ocrx_word' id='word_1_140' title='bbox 759 3313 913 3411; x_wconf 90' lang='lat' dir='ltr'><strong>impetu,</strong></span> <span class='ocrx_word' id='word_1_141' title='bbox 949 3315 1117 3412; x_wconf 88' lang='lat' dir='ltr'><strong>sagittarii</strong></span> <span class='ocrx_word' id='word_1_142' title='bbox 1138 3315 1151 3352; x_wconf 83' lang='lat'>²</span> <span class='ocrx_word' id='word_1_143' title='bbox 1176 3331 1306 3397; x_wconf 74' lang='lat' dir='ltr'><strong>eontra</strong></span> <span class='ocrx_word' id='word_1_144' title='bbox 1321 3315 1444 3388; x_wconf 89' lang='lat' dir='ltr'><strong>hostes</strong></span> 
     </span>
     <span class='ocr_line' id='line_1_23' title="bbox 361 3427 1496 3528; baseline -0.001 -29"><span class='ocrx_word' id='word_1_145' title='bbox 361 3427 518 3499; x_wconf 89' lang='lat' dir='ltr'><strong>ordinati</strong></span> <span class='ocrx_word' id='word_1_146' title='bbox 547 3440 644 3498; x_wconf 85' lang='lat' dir='ltr'><strong>sunt.</strong></span> <span class='ocrx_word' id='word_1_147' title='bbox 678 3429 863 3526; x_wconf 88' lang='lat' dir='ltr'><strong>Missaeque</strong></span> <span class='ocrx_word' id='word_1_148' title='bbox 894 3432 1027 3528; x_wconf 86' lang='lat' dir='ltr'><strong>sagittae</strong></span> <span class='ocrx_word' id='word_1_149' title='bbox 1052 3447 1088 3504; x_wconf 94' lang='lat' dir='ltr'><strong>et</strong></span> <span class='ocrx_word' id='word_1_150' title='bbox 1115 3431 1334 3506; x_wconf 84' lang='lat' dir='ltr'><strong>arcobalistae</strong></span> <span class='ocrx_word' id='word_1_151' title='bbox 1360 3456 1445 3504; x_wconf 88' lang='lat' dir='ltr'><strong>cum</strong></span> <span class='ocrx_word' id='word_1_152' title='bbox 1492 3490 1496 3498; x_wconf 92' lang='lat'><em>.</em></span> 
     </span>
     <span class='ocr_line' id='line_1_24' title="bbox 362 3535 1445 3641; baseline 0.003 -25"><span class='ocrx_word' id='word_1_153' title='bbox 362 3543 440 3616; x_wconf 86' lang='lat' dir='ltr'><strong>aliis</strong></span> <span class='ocrx_word' id='word_1_154' title='bbox 458 3541 649 3616; x_wconf 89' lang='lat' dir='ltr'><strong>missilibus</strong></span> <span class='ocrx_word' id='word_1_155' title='bbox 667 3559 742 3616; x_wconf 86' lang='lat' dir='ltr'><strong>tam</strong></span> <span class='ocrx_word' id='word_1_156' title='bbox 768 3545 887 3618; x_wconf 88' lang='lat' dir='ltr'><strong>densae</strong></span> <span class='ocrx_word' id='word_1_157' title='bbox 909 3548 946 3618; x_wconf 92' lang='lat' dir='ltr'><strong>in</strong></span> <span class='ocrx_word' id='word_1_158' title='bbox 974 3573 1055 3620; x_wconf 89' lang='lat' dir='ltr'><strong>aere</strong></span> <span class='ocrx_word' id='word_1_159' title='bbox 1078 3547 1344 3641; x_wconf 84' lang='lat' dir='ltr'><strong>discurrebant,</strong></span> <span class='ocrx_word' id='word_1_160' title='bbox 1366 3535 1445 3619; x_wconf 58' lang='lat' dir='ltr'><strong>ut&#39;a</strong></span> 
     </span>
     <span class='ocr_line' id='line_1_25' title="bbox 362 3661 1446 3763; baseline 0.003 -29"><span class='ocrx_word' id='word_1_161' title='bbox 362 3661 520 3734; x_wconf 90' lang='lat' dir='ltr'><strong>nubibus</strong></span> <span class='ocrx_word' id='word_1_162' title='bbox 534 3661 664 3752; x_wconf 86' lang='lat' dir='ltr'><strong>dilabi,</strong></span> <span class='ocrx_word' id='word_1_163' title='bbox 681 3677 847 3761; x_wconf 90' lang='lat' dir='ltr'><strong>terraque</strong></span> <span class='ocrx_word' id='word_1_164' title='bbox 865 3689 1052 3763; x_wconf 84' lang='lat' dir='ltr'><strong>exsurgere</strong></span> <span class='ocrx_word' id='word_1_165' title='bbox 1070 3665 1290 3738; x_wconf 89' lang='lat' dir='ltr'><strong>viderentur.</strong></span> <span class='ocrx_word' id='word_1_166' title='bbox 1305 3669 1446 3737; x_wconf 90' lang='lat' dir='ltr'><strong>Horum</strong></span> 
     </span>
     <span class='ocr_line' id='line_1_26' title="bbox 363 3779 1446 3882; baseline 0.001 -29"><span class='ocrx_word' id='word_1_167' title='bbox 363 3796 490 3855; x_wconf 86' lang='lat' dir='ltr'><strong>contra</strong></span> <span class='ocrx_word' id='word_1_168' title='bbox 518 3779 711 3878; x_wconf 89' lang='lat' dir='ltr'><strong>impetum,</strong></span> <span class='ocrx_word' id='word_1_169' title='bbox 740 3781 956 3854; x_wconf 89' lang='lat' dir='ltr'><strong>testudinem</strong></span> <span class='ocrx_word' id='word_1_170' title='bbox 981 3799 1064 3856; x_wconf 88' lang='lat' dir='ltr'><strong>ante</strong></span> <span class='ocrx_word' id='word_1_171' title='bbox 1087 3808 1126 3855; x_wconf 94' lang='lat' dir='ltr'><strong>se</strong></span> <span class='ocrx_word' id='word_1_172' title='bbox 1144 3798 1180 3855; x_wconf 94' lang='lat' dir='ltr'><strong>et</strong></span> <span class='ocrx_word' id='word_1_173' title='bbox 1198 3808 1306 3882; x_wconf 91' lang='lat' dir='ltr'><strong>super</strong></span> <span class='ocrx_word' id='word_1_174' title='bbox 1328 3783 1446 3882; x_wconf 85' lang='lat' dir='ltr'><strong>capita</strong></span> 
     </span>
    </p>
   </div>
   <div class='ocr_carea' id='block_1_7' title="bbox 252 3898 1445 3996">
    <p class='ocr_par' dir='ltr' id='par_1_7' title="bbox 252 3898 1445 3996">
     <span class='ocr_line' id='line_1_27' title="bbox 252 3898 1445 3996; baseline -0.002 -22"><span class='ocrx_word' id='word_1_175' title='bbox 252 3967 258 3974; x_wconf 91' lang='lat'>.</span> <span class='ocrx_word' id='word_1_176' title='bbox 363 3898 486 3970; x_wconf 91' lang='lat' dir='ltr'><strong>hostes</strong></span> <span class='ocrx_word' id='word_1_177' title='bbox 508 3920 614 3970; x_wconf 92' lang='lat' dir='ltr'><strong>muro</strong></span> <span class='ocrx_word' id='word_1_178' title='bbox 637 3912 828 3996; x_wconf 76' lang='lat' dir='ltr'><strong>aptavere,</strong></span> <span class='ocrx_word' id='word_1_179' title='bbox 855 3900 893 3970; x_wconf 93' lang='lat' dir='ltr'><strong>in</strong></span> <span class='ocrx_word' id='word_1_180' title='bbox 918 3923 1028 3996; x_wconf 90' lang='lat' dir='ltr'><strong>quam</strong></span> <span class='ocrx_word' id='word_1_181' title='bbox 1043 3899 1159 3990; x_wconf 86' lang='lat' dir='ltr'><strong>relisa</strong></span> <span class='ocrx_word' id='word_1_182' title='bbox 1183 3900 1346 3991; x_wconf 86' lang='lat' dir='ltr'><strong>missilia,</strong></span> <span class='ocrx_word' id='word_1_183' title='bbox 1372 3901 1445 3972; x_wconf 84' lang='lat' dir='ltr'><strong>ictu</strong></span> 
     </span>
    </p>
   </div>
   <div class='ocr_carea' id='block_1_8' title="bbox 401 4093 724 4158">
    <p class='ocr_par' dir='ltr' id='par_1_8' title="bbox 401 4093 724 4158">
     <span class='ocr_line' id='line_1_28' title="bbox 401 4093 724 4158; baseline 0 -13"><span class='ocrx_word' id='word_1_184' title='bbox 401 4093 417 4128; x_wconf 69' lang='lat'><strong>⁴*</strong></span> <span class='ocrx_word' id='word_1_185' title='bbox 435 4094 469 4158; x_wconf 85' lang='lat' dir='ltr'><strong>tt,</strong></span> <span class='ocrx_word' id='word_1_186' title='bbox 484 4093 608 4147; x_wconf 91' lang='lat' dir='ltr'><strong>Virduno</strong></span> <span class='ocrx_word' id='word_1_187' title='bbox 619 4093 724 4146; x_wconf 63' lang='lat' dir='ltr'><strong>abacum</strong></span> 
     </span>
    </p>
   </div>
   <div class='ocr_carea' id='block_1_9' title="bbox 400 4178 695 4332">
    <p class='ocr_par' dir='ltr' id='par_1_9' title="bbox 400 4178 695 4332">
     <span class='ocr_line' id='line_1_29' title="bbox 403 4178 695 4249; baseline 0.003 -20"><span class='ocrx_word' id='word_1_188' title='bbox 403 4178 410 4208; x_wconf 89' lang='lat'><strong>¹</strong></span> <span class='ocrx_word' id='word_1_189' title='bbox 431 4179 660 4249; x_wconf 82' lang='lat' dir='ltr'><strong>supersternendas</strong></span> <span class='ocrx_word' id='word_1_190' title='bbox 669 4182 680 4230; x_wconf 89' lang='lat' dir='ltr'><strong>l</strong></span> <span class='ocrx_word' id='word_1_191' title='bbox 689 4217 695 4230; x_wconf 90' lang='lat'>.</span> 
     </span>
     <span class='ocr_line' id='line_1_30' title="bbox 400 4262 585 4332; baseline 0.016 -20"><span class='ocrx_word' id='word_1_192' title='bbox 400 4263 414 4293; x_wconf 73' lang='lat'><strong>⁹</strong></span> <span class='ocrx_word' id='word_1_193' title='bbox 432 4262 546 4332; x_wconf 84' lang='lat' dir='ltr'><strong>sagitarii</strong></span> <span class='ocrx_word' id='word_1_194' title='bbox 560 4266 585 4315; x_wconf 91' lang='lat' dir='ltr'><strong>l.</strong></span> 
     </span>
    </p>
   </div>
   <div class='ocr_carea' id='block_1_10' title="bbox 0 0 1691 5294">
    <p class='ocr_par' dir='ltr' id='par_1_10' title="bbox 0 0 1691 5294">
     <span class='ocr_line' id='line_1_31' title="bbox 0 0 1691 5294; baseline 0 0"><span class='ocrx_word' id='word_1_195' title='bbox 0 0 1691 5294; x_wconf 95' lang='lat' dir='ltr'><strong> </strong></span> 
     </span>
    </p>
   </div>
  </div>
 </body>
</html>
