<?xml version="1.0" encoding="UTF-8"?>
<!DOCTYPE html PUBLIC "-//W3C//DTD XHTML 1.0 Transitional//EN"
    "http://www.w3.org/TR/xhtml1/DTD/xhtml1-transitional.dtd">
<html xmlns="http://www.w3.org/1999/xhtml" xml:lang="en" lang="en">
 <head>
  <title>
</title>
<meta http-equiv="Content-Type" content="text/html;charset=utf-8" />
  <meta name='ocr-system' content='tesseract 3.04.00' />
  <meta name='ocr-capabilities' content='ocr_page ocr_carea ocr_par ocr_line ocrx_word'/>
</head>
<body>
  <div class='ocr_page' id='page_1' title='image "./richerhistoired01parigoog_0304.png"; bbox 0 0 3324 5298; ppageno 0'>
   <div class='ocr_carea' id='block_1_1' title="bbox 404 537 1117 604">
    <p class='ocr_par' dir='ltr' id='par_1_1' title="bbox 404 537 1117 604">
     <span class='ocr_line' id='line_1_1' title="bbox 404 537 1117 604; baseline -0.003 0"><span class='ocrx_word' id='word_1_1' title='bbox 404 541 466 604; x_wconf 76' lang='lat'><strong>27⁴</strong></span> <span class='ocrx_word' id='word_1_2' title='bbox 772 537 939 602; x_wconf 73' lang='lat' dir='ltr'><strong>arenam</strong></span> <span class='ocrx_word' id='word_1_3' title='bbox 962 539 1038 603; x_wconf 80' lang='lat' dir='ltr'><strong>tta.</strong></span> <span class='ocrx_word' id='word_1_4' title='bbox 1061 539 1117 602; x_wconf 86' lang='lat' dir='ltr'><strong>tv.</strong></span> 
     </span>
    </p>
   </div>
   <div class='ocr_carea' id='block_1_2' title="bbox 385 656 1476 1818">
    <p class='ocr_par' dir='ltr' id='par_1_2' title="bbox 385 656 1476 1818">
     <span class='ocr_line' id='line_1_2' title="bbox 402 656 1475 774; baseline 0.003 -29"><span class='ocrx_word' id='word_1_5' title='bbox 402 656 626 764; x_wconf 83' lang='lat' dir='ltr'><strong>relaxandos,</strong></span> <span class='ocrx_word' id='word_1_6' title='bbox 644 672 745 769; x_wconf 84' lang='lat' dir='ltr'><strong>juxta</strong></span> <span class='ocrx_word' id='word_1_7' title='bbox 766 671 867 772; x_wconf 89' lang='lat' dir='ltr'><strong>quod</strong></span> <span class='ocrx_word' id='word_1_8' title='bbox 881 673 1054 774; x_wconf 87' lang='lat' dir='ltr'><strong>scripturn</strong></span> <span class='ocrx_word' id='word_1_9' title='bbox 1069 687 1146 748; x_wconf 87' lang='lat' dir='ltr'><strong>est:</strong></span> <span class='ocrx_word' id='word_1_10' title='bbox 1174 673 1368 747; x_wconf 81' lang='lat' dir='ltr'><em>Consilium</em></span> <span class='ocrx_word' id='word_1_11' title='bbox 1384 702 1409 747; x_wconf 84' lang='lat' dir='ltr'><em>a</em></span> <span class='ocrx_word' id='word_1_12' title='bbox 1420 703 1475 748; x_wconf 79' lang='lat' dir='ltr'><strong>so</strong></span> 
     </span>
     <span class='ocr_line' id='line_1_3' title="bbox 395 788 1476 894; baseline 0.004 -33"><span class='ocrx_word' id='word_1_13' title='bbox 395 791 517 888; x_wconf 83' lang='lat' dir='ltr'><strong>pieute</strong></span> <span class='ocrx_word' id='word_1_14' title='bbox 527 791 709 888; x_wconf 78' lang='lat' dir='ltr'><strong><em>perquire.</em></strong></span> <span class='ocrx_word' id='word_1_15' title='bbox 732 788 869 862; x_wconf 79' lang='lat' dir='ltr'>Placuit</span> <span class='ocrx_word' id='word_1_16' title='bbox 880 815 1026 889; x_wconf 91' lang='lat' dir='ltr'><strong>quoque</strong></span> <span class='ocrx_word' id='word_1_17' title='bbox 1044 791 1187 880; x_wconf 89' lang='lat' dir='ltr'><strong>sanciri,</strong></span> <span class='ocrx_word' id='word_1_18' title='bbox 1202 790 1232 862; x_wconf 92' lang='lat' dir='ltr'><strong>si</strong></span> <span class='ocrx_word' id='word_1_19' title='bbox 1248 790 1369 889; x_wconf 89' lang='lat' dir='ltr'><strong>quida</strong></span> <span class='ocrx_word' id='word_1_20' title='bbox 1381 817 1476 894; x_wconf 84' lang='lat' dir='ltr'><strong>papn</strong></span> 
     </span>
     <span class='ocr_line' id='line_1_4' title="bbox 400 905 1474 1006; baseline 0.006 -29"><span class='ocrx_word' id='word_1_21' title='bbox 400 909 562 979; x_wconf 84' lang='lat' dir='ltr'><strong>Romano</strong></span> <span class='ocrx_word' id='word_1_22' title='bbox 580 919 706 979; x_wconf 88' lang='lat' dir='ltr'><strong>contra</strong></span> <span class='ocrx_word' id='word_1_23' title='bbox 721 919 865 1006; x_wconf 86' lang='lat' dir='ltr'><strong>patrum</strong></span> <span class='ocrx_word' id='word_1_24' title='bbox 885 905 1029 980; x_wconf 89' lang='lat' dir='ltr'><strong>decreta</strong></span> <span class='ocrx_word' id='word_1_25' title='bbox 1049 921 1312 1005; x_wconf 81' lang='lat' dir='ltr'><strong>suggereretur,</strong></span> <span class='ocrx_word' id='word_1_26' title='bbox 1333 931 1474 982; x_wconf 83' lang='lat' dir='ltr'><strong>cassum</strong></span> 
     </span>
     <span class='ocr_line' id='line_1_5' title="bbox 398 1021 1471 1123; baseline 0.002 -27"><span class='ocrx_word' id='word_1_27' title='bbox 398 1039 434 1096; x_wconf 89' lang='lat' dir='ltr'><strong>et</strong></span> <span class='ocrx_word' id='word_1_28' title='bbox 448 1025 586 1096; x_wconf 90' lang='lat' dir='ltr'><strong>irritum</strong></span> <span class='ocrx_word' id='word_1_29' title='bbox 612 1021 703 1114; x_wconf 83' lang='lat' dir='ltr'><strong>fieri,</strong></span> <span class='ocrx_word' id='word_1_30' title='bbox 726 1022 827 1120; x_wconf 84' lang='lat' dir='ltr'><strong>juxta</strong></span> <span class='ocrx_word' id='word_1_31' title='bbox 846 1022 946 1122; x_wconf 91' lang='lat' dir='ltr'><strong>quod</strong></span> <span class='ocrx_word' id='word_1_32' title='bbox 969 1022 1151 1123; x_wconf 86' lang='lat' dir='ltr'><strong>apostolus</strong></span> <span class='ocrx_word' id='word_1_33' title='bbox 1178 1025 1244 1096; x_wconf 86' lang='lat' dir='ltr'><strong>ait:</strong></span> <span class='ocrx_word' id='word_1_34' title='bbox 1270 1027 1471 1098; x_wconf 80' lang='lat' dir='ltr'><strong>Hereticum</strong></span> 
     </span>
     <span class='ocr_line' id='line_1_6' title="bbox 395 1129 1471 1237; baseline 0.001 -25"><span class='ocrx_word' id='word_1_35' title='bbox 395 1141 573 1212; x_wconf 82' lang='lat' dir='ltr'><strong>homiuem</strong></span> <span class='ocrx_word' id='word_1_36' title='bbox 592 1155 630 1212; x_wconf 86' lang='lat' dir='ltr'><strong>et</strong></span> <span class='ocrx_word' id='word_1_37' title='bbox 648 1137 694 1210; x_wconf 81' lang='lat' dir='ltr'><strong>ab</strong></span> <span class='ocrx_word' id='word_1_38' title='bbox 711 1129 860 1211; x_wconf 81' lang='lat' dir='ltr'><strong>ecclesio</strong></span> <span class='ocrx_word' id='word_1_39' title='bbox 886 1137 1159 1227; x_wconf 79' lang='lat' dir='ltr'><strong>dissentientem,</strong></span> <span class='ocrx_word' id='word_1_40' title='bbox 1179 1142 1327 1237; x_wconf 81' lang='lat' dir='ltr'><strong>penitus</strong></span> <span class='ocrx_word' id='word_1_41' title='bbox 1341 1139 1471 1214; x_wconf 77' lang='lat' dir='ltr'><strong>devitol</strong></span> 
     </span>
     <span class='ocr_line' id='line_1_7' title="bbox 394 1255 1471 1356; baseline 0.001 -28"><span class='ocrx_word' id='word_1_42' title='bbox 394 1261 424 1328; x_wconf 88' lang='lat' dir='ltr'><strong>N</strong></span> <span class='ocrx_word' id='word_1_43' title='bbox 426 1281 467 1328; x_wconf 91' lang='lat' dir='ltr'><strong>ec</strong></span> <span class='ocrx_word' id='word_1_44' title='bbox 480 1257 599 1329; x_wconf 87' lang='lat' dir='ltr'><strong>minus</strong></span> <span class='ocrx_word' id='word_1_45' title='bbox 612 1255 876 1328; x_wconf 80' lang='lat' dir='ltr'><strong>abdicationem</strong></span> <span class='ocrx_word' id='word_1_46' title='bbox 894 1255 1030 1328; x_wconf 83' lang='lat' dir='ltr'><strong>Arnulfr</strong></span> <span class='ocrx_word' id='word_1_47' title='bbox 1052 1271 1088 1328; x_wconf 91' lang='lat' dir='ltr'><strong>et</strong></span> <span class='ocrx_word' id='word_1_48' title='bbox 1104 1258 1373 1356; x_wconf 81' lang='lat' dir='ltr'><strong>promotionem</strong></span> <span class='ocrx_word' id='word_1_49' title='bbox 1385 1261 1471 1330; x_wconf 72' lang='lat' dir='ltr'><strong>Gen</strong></span> 
     </span>
     <span class='ocr_line' id='line_1_8' title="bbox 390 1371 1467 1475; baseline 0.004 -31"><span class='ocrx_word' id='word_1_50' title='bbox 390 1372 495 1463; x_wconf 89' lang='lat' dir='ltr'><strong>berti,</strong></span> <span class='ocrx_word' id='word_1_51' title='bbox 515 1371 681 1472; x_wconf 84' lang='lat' dir='ltr'><strong>proutab</strong></span> <span class='ocrx_word' id='word_1_52' title='bbox 693 1373 744 1445; x_wconf 89' lang='lat' dir='ltr'><strong>eis</strong></span> <span class='ocrx_word' id='word_1_53' title='bbox 755 1371 926 1444; x_wconf 90' lang='lat' dir='ltr'><strong>ordinatae</strong></span> <span class='ocrx_word' id='word_1_54' title='bbox 935 1388 971 1445; x_wconf 91' lang='lat' dir='ltr'><strong>et</strong></span> <span class='ocrx_word' id='word_1_55' title='bbox 983 1388 1134 1472; x_wconf 89' lang='lat' dir='ltr'><strong>peractae</strong></span> <span class='ocrx_word' id='word_1_56' title='bbox 1152 1389 1282 1464; x_wconf 87' lang='lat' dir='ltr'><strong>essent,</strong></span> <span class='ocrx_word' id='word_1_57' title='bbox 1292 1390 1467 1475; x_wconf 89' lang='lat' dir='ltr'><strong>perpetuo</strong></span> 
     </span>
     <span class='ocr_line' id='line_1_9' title="bbox 390 1485 1467 1590; baseline 0.004 -30"><span class='ocrx_word' id='word_1_58' title='bbox 390 1489 524 1587; x_wconf 78' lang='lat' dir='ltr'><strong>placuit</strong></span> <span class='ocrx_word' id='word_1_59' title='bbox 539 1489 685 1582; x_wconf 87' lang='lat' dir='ltr'><strong>sanciri,</strong></span> <span class='ocrx_word' id='word_1_60' title='bbox 705 1485 805 1587; x_wconf 83' lang='lat' dir='ltr'><strong>juxta</strong></span> <span class='ocrx_word' id='word_1_61' title='bbox 823 1489 924 1588; x_wconf 89' lang='lat' dir='ltr'><strong>quod</strong></span> <span class='ocrx_word' id='word_1_62' title='bbox 936 1490 975 1562; x_wconf 90' lang='lat' dir='ltr'><strong>in</strong></span> <span class='ocrx_word' id='word_1_63' title='bbox 997 1488 1197 1563; x_wconf 83' lang='lat' dir='ltr'><strong>canonibus</strong></span> <span class='ocrx_word' id='word_1_64' title='bbox 1217 1491 1390 1590; x_wconf 88' lang='lat' dir='ltr'><strong>scriptum</strong></span> <span class='ocrx_word' id='word_1_65' title='bbox 1402 1491 1467 1564; x_wconf 83' lang='lat' dir='ltr'><strong>ha·</strong></span> 
     </span>
     <span class='ocr_line' id='line_1_10' title="bbox 388 1603 1466 1702; baseline 0.003 -27"><span class='ocrx_word' id='word_1_66' title='bbox 388 1603 516 1676; x_wconf 86' lang='lat' dir='ltr'><strong>betur:</strong></span> <span class='ocrx_word' id='word_1_67' title='bbox 533 1603 666 1676; x_wconf 85' lang='lat' dir='ltr'><strong>Siuodo</strong></span> <span class='ocrx_word' id='word_1_68' title='bbox 680 1603 1092 1702; x_wconf 59' lang='lat' dir='ltr'><strong>producendorum,</strong></span> <span class='ocrx_word' id='word_1_69' title='bbox 1111 1630 1136 1674; x_wconf 89' lang='grc' dir='ltr'><em>α</em></span> <span class='ocrx_word' id='word_1_70' title='bbox 1149 1604 1249 1678; x_wconf 81' lang='lat' dir='ltr'><strong>nullo</strong></span> <span class='ocrx_word' id='word_1_71' title='bbox 1265 1621 1394 1678; x_wconf 68' lang='lat' dir='ltr'><strong>tenure</strong></span> <span class='ocrx_word' id='word_1_72' title='bbox 1413 1606 1466 1678; x_wconf 83' lang='lat' dir='ltr'><strong>Ia·</strong></span> 
     </span>
     <span class='ocr_line' id='line_1_11' title="bbox 385 1719 644 1818; baseline 0 -26"><span class='ocrx_word' id='word_1_73' title='bbox 385 1719 644 1818; x_wconf 64' lang='lat' dir='ltr'><strong>ufarmiton.</strong></span> 
     </span>
    </p>
   </div>
   <div class='ocr_carea' id='block_1_3' title="bbox 554 1944 1289 2019">
    <p class='ocr_par' dir='ltr' id='par_1_3' title="bbox 554 1944 1289 2019">
     <span class='ocr_line' id='line_1_12' title="bbox 554 1944 1289 2019; baseline 0.003 -19"><span class='ocrx_word' id='word_1_74' title='bbox 554 1947 612 2001; x_wconf 87' lang='lat' dir='ltr'><strong>XC.</strong></span> <span class='ocrx_word' id='word_1_75' title='bbox 622 1945 807 2019; x_wconf 60' lang='lat' dir='ltr'><strong>*Impetus*</strong></span> <span class='ocrx_word' id='word_1_76' title='bbox 817 1944 922 2000; x_wconf 86' lang='lat' dir='ltr'><strong>Odonis</strong></span> <span class='ocrx_word' id='word_1_77' title='bbox 936 1957 962 1998; x_wconf 83' lang='lat' dir='ltr'><strong>et</strong></span> <span class='ocrx_word' id='word_1_78' title='bbox 978 1945 1126 2000; x_wconf 76' lang='lat' dir='ltr'><strong>l&#39;ulcouis*</strong></span> <span class='ocrx_word' id='word_1_79' title='bbox 1140 1946 1211 2001; x_wconf 83' lang='lat' dir='ltr'><strong>inter</strong></span> <span class='ocrx_word' id='word_1_80' title='bbox 1225 1947 1289 2002; x_wconf 69' lang='grc' dir='ltr'><strong>ω’.</strong></span> 
     </span>
    </p>
   </div>
   <div class='ocr_carea' id='block_1_4' title="bbox 368 2111 1459 3613">
    <p class='ocr_par' dir='ltr' id='par_1_4' title="bbox 368 2111 1459 3613">
     <span class='ocr_line' id='line_1_13' title="bbox 430 2111 1459 2214; baseline 0 -24"><span class='ocrx_word' id='word_1_81' title='bbox 430 2117 506 2190; x_wconf 81' lang='lat' dir='ltr'><strong>llac</strong></span> <span class='ocrx_word' id='word_1_82' title='bbox 532 2128 742 2214; x_wconf 78' lang='lat' dir='ltr'><strong>tempestate</strong></span> <span class='ocrx_word' id='word_1_83' title='bbox 770 2111 867 2186; x_wconf 86' lang='lat' dir='ltr'><strong>bella</strong></span> <span class='ocrx_word' id='word_1_84' title='bbox 896 2112 1013 2186; x_wconf 85' lang='lat' dir='ltr'><strong>civilia</strong></span> <span class='ocrx_word' id='word_1_85' title='bbox 1042 2125 1206 2212; x_wconf 83' lang='lat' dir='ltr'><strong>reparata</strong></span> <span class='ocrx_word' id='word_1_86' title='bbox 1238 2131 1333 2188; x_wconf 90' lang='lat' dir='ltr'><strong>sunt.</strong></span> <span class='ocrx_word' id='word_1_87' title='bbox 1367 2119 1459 2190; x_wconf 89' lang='lat' dir='ltr'><strong>Cum</strong></span> 
     </span>
     <span class='ocr_line' id='line_1_14' title="bbox 380 2228 1459 2310; baseline 0.003 -4"><span class='ocrx_word' id='word_1_88' title='bbox 380 2235 477 2306; x_wconf 88' lang='lat' dir='ltr'><strong>enim</strong></span> <span class='ocrx_word' id='word_1_89' title='bbox 497 2234 724 2306; x_wconf 81' lang='lat' dir='ltr'><strong>tirannorum</strong></span> <span class='ocrx_word' id='word_1_90' title='bbox 748 2228 885 2302; x_wconf 90' lang='lat' dir='ltr'><strong>insidiis</strong></span> <span class='ocrx_word' id='word_1_91' title='bbox 911 2229 1051 2302; x_wconf 92' lang='lat' dir='ltr'><strong>Odonis</strong></span> <span class='ocrx_word' id='word_1_92' title='bbox 1064 2245 1100 2302; x_wconf 89' lang='lat' dir='ltr'><strong>et</strong></span> <span class='ocrx_word' id='word_1_93' title='bbox 1124 2231 1290 2306; x_wconf 85' lang='lat' dir='ltr'><strong>Fulconis</strong></span> <span class='ocrx_word' id='word_1_94' title='bbox 1308 2233 1354 2306; x_wconf 90' lang='lat' dir='ltr'><strong>de</strong></span> <span class='ocrx_word' id='word_1_95' title='bbox 1373 2237 1459 2310; x_wconf 92' lang='lat' dir='ltr'><strong>Brit·</strong></span> 
     </span>
     <span class='ocr_line' id='line_1_15' title="bbox 377 2346 1457 2450; baseline 0.001 -26"><span class='ocrx_word' id='word_1_96' title='bbox 377 2353 481 2424; x_wconf 80' lang='lat' dir='ltr'><strong>taniae</strong></span> <span class='ocrx_word' id='word_1_97' title='bbox 498 2350 701 2450; x_wconf 86' lang='lat' dir='ltr'><strong>principatu</strong></span> <span class='ocrx_word' id='word_1_98' title='bbox 721 2350 796 2420; x_wconf 83' lang='lat' dir='ltr'><strong>rixa</strong></span> <span class='ocrx_word' id='word_1_99' title='bbox 811 2361 1024 2446; x_wconf 84' lang='lat' dir='ltr'><strong>resurgeret,</strong></span> <span class='ocrx_word' id='word_1_100' title='bbox 1046 2346 1115 2420; x_wconf 88' lang='lat' dir='ltr'><strong>illis</strong></span> <span class='ocrx_word' id='word_1_101' title='bbox 1137 2346 1389 2424; x_wconf 89' lang='lat' dir='ltr'><strong>dissidentibus</strong></span> <span class='ocrx_word' id='word_1_102' title='bbox 1403 2379 1457 2426; x_wconf 91' lang='lat' dir='ltr'><strong>re·</strong></span> 
     </span>
     <span class='ocr_line' id='line_1_16' title="bbox 376 2463 1454 2569; baseline -0.001 -26"><span class='ocrx_word' id='word_1_103' title='bbox 376 2470 465 2569; x_wconf 91' lang='lat' dir='ltr'><strong>liqui</strong></span> <span class='ocrx_word' id='word_1_104' title='bbox 486 2470 594 2542; x_wconf 90' lang='lat' dir='ltr'><strong>etiam</strong></span> <span class='ocrx_word' id='word_1_105' title='bbox 619 2491 813 2565; x_wconf 86' lang='lat' dir='ltr'><strong>regnorum</strong></span> <span class='ocrx_word' id='word_1_106' title='bbox 833 2466 1014 2565; x_wconf 82' lang='lat' dir='ltr'><strong>principes</strong></span> <span class='ocrx_word' id='word_1_107' title='bbox 1036 2466 1126 2538; x_wconf 88' lang='lat' dir='ltr'><strong>moti</strong></span> <span class='ocrx_word' id='word_1_108' title='bbox 1147 2463 1355 2540; x_wconf 88' lang='lat' dir='ltr'><strong>dissensere.</strong></span> <span class='ocrx_word' id='word_1_109' title='bbox 1383 2473 1454 2542; x_wconf 85' lang='lat' dir='ltr'><strong>Rex</strong></span> 
     </span>
     <span class='ocr_line' id='line_1_17' title="bbox 375 2583 1454 2686; baseline -0.002 -26"><span class='ocrx_word' id='word_1_110' title='bbox 375 2587 540 2660; x_wconf 86' lang='lat' dir='ltr'><strong>Fulennis</strong></span> <span class='ocrx_word' id='word_1_111' title='bbox 553 2601 672 2686; x_wconf 87' lang='lat' dir='ltr'><strong>partes</strong></span> <span class='ocrx_word' id='word_1_112' title='bbox 689 2583 839 2675; x_wconf 83' lang='lat' dir='ltr'><strong>tutabat,</strong></span> <span class='ocrx_word' id='word_1_113' title='bbox 869 2583 951 2655; x_wconf 93' lang='lat' dir='ltr'><strong>Odo</strong></span> <span class='ocrx_word' id='word_1_114' title='bbox 973 2606 1123 2654; x_wconf 91' lang='lat' dir='ltr'><strong>suorum</strong></span> <span class='ocrx_word' id='word_1_115' title='bbox 1140 2605 1284 2665; x_wconf 86' lang='lat' dir='ltr'><strong>necnon</strong></span> <span class='ocrx_word' id='word_1_116' title='bbox 1303 2599 1340 2656; x_wconf 89' lang='lat' dir='ltr'><strong>et</strong></span> <span class='ocrx_word' id='word_1_117' title='bbox 1359 2587 1454 2685; x_wconf 87' lang='lat' dir='ltr'><strong>pira·</strong></span> 
     </span>
     <span class='ocr_line' id='line_1_18' title="bbox 374 2697 1454 2802; baseline 0.001 -26"><span class='ocrx_word' id='word_1_118' title='bbox 374 2719 491 2776; x_wconf 90' lang='lat' dir='ltr'><strong>tarum</strong></span> <span class='ocrx_word' id='word_1_119' title='bbox 512 2704 594 2802; x_wconf 91' lang='lat' dir='ltr'><strong>qui,</strong></span> <span class='ocrx_word' id='word_1_120' title='bbox 611 2726 694 2800; x_wconf 88' lang='lat' dir='ltr'><strong>rege</strong></span> <span class='ocrx_word' id='word_1_121' title='bbox 714 2701 876 2790; x_wconf 89' lang='lat' dir='ltr'><strong>deserto,</strong></span> <span class='ocrx_word' id='word_1_122' title='bbox 893 2697 992 2771; x_wconf 88' lang='lat' dir='ltr'><strong>adse</strong></span> <span class='ocrx_word' id='word_1_123' title='bbox 1009 2699 1236 2789; x_wconf 86' lang='lat' dir='ltr'><strong>transierant,</strong></span> <span class='ocrx_word' id='word_1_124' title='bbox 1262 2703 1454 2798; x_wconf 84' lang='lat' dir='ltr'><strong>Aquitano-</strong></span> 
     </span>
     <span class='ocr_line' id='line_1_19' title="bbox 373 2813 1453 2920; baseline -0.002 -27"><span class='ocrx_word' id='word_1_125' title='bbox 373 2839 527 2920; x_wconf 83' lang='lat' dir='ltr'><strong>nrmque</strong></span> <span class='ocrx_word' id='word_1_126' title='bbox 544 2821 657 2919; x_wconf 90' lang='lat' dir='ltr'><strong>copiis</strong></span> <span class='ocrx_word' id='word_1_127' title='bbox 679 2817 789 2888; x_wconf 85' lang='lat' dir='ltr'><strong>fretus</strong></span> <span class='ocrx_word' id='word_1_128' title='bbox 810 2813 1012 2889; x_wconf 87' lang='lat' dir='ltr'><strong>incedebat.</strong></span> <span class='ocrx_word' id='word_1_129' title='bbox 1042 2813 1147 2887; x_wconf 89' lang='lat' dir='ltr'><strong>Unde</strong></span> <span class='ocrx_word' id='word_1_130' title='bbox 1169 2815 1278 2889; x_wconf 89' lang='lat' dir='ltr'><strong>Fulco</strong></span> <span class='ocrx_word' id='word_1_131' title='bbox 1296 2819 1334 2889; x_wconf 93' lang='lat' dir='ltr'><strong>in</strong></span> <span class='ocrx_word' id='word_1_132' title='bbox 1358 2820 1453 2891; x_wconf 87' lang='lat' dir='ltr'><strong>Odo-</strong></span> 
     </span>
     <span class='ocr_line' id='line_1_20' title="bbox 372 2930 1451 3037; baseline -0.002 -27"><span class='ocrx_word' id='word_1_133' title='bbox 372 2963 457 3010; x_wconf 88' lang='lat' dir='ltr'><strong>nem</strong></span> <span class='ocrx_word' id='word_1_134' title='bbox 469 2961 639 3037; x_wconf 76' lang='lat' dir='ltr'><strong>praeceps,</strong></span> <span class='ocrx_word' id='word_1_135' title='bbox 661 2935 738 3032; x_wconf 89' lang='lat' dir='ltr'><strong>ejus</strong></span> <span class='ocrx_word' id='word_1_136' title='bbox 761 2949 894 3006; x_wconf 88' lang='lat' dir='ltr'><strong>terram</strong></span> <span class='ocrx_word' id='word_1_137' title='bbox 913 2930 1170 3031; x_wconf 86' lang='lat' dir='ltr'><strong>depopulatur,</strong></span> <span class='ocrx_word' id='word_1_138' title='bbox 1196 2947 1334 3034; x_wconf 91' lang='lat' dir='ltr'><strong>etpost</strong></span> <span class='ocrx_word' id='word_1_139' title='bbox 1353 2936 1451 3008; x_wconf 88' lang='lat' dir='ltr'><strong>in¹ea</strong></span> 
     </span>
     <span class='ocr_line' id='line_1_21' title="bbox 371 3033 1450 3152; baseline 0.001 -28"><span class='ocrx_word' id='word_1_140' title='bbox 371 3077 448 3124; x_wconf 91' lang='lat' dir='ltr'><strong>non</strong></span> <span class='ocrx_word' id='word_1_141' title='bbox 460 3050 587 3152; x_wconf 92' lang='lat' dir='ltr'><strong>procul</strong></span> <span class='ocrx_word' id='word_1_142' title='bbox 609 3049 654 3124; x_wconf 84' lang='lat' dir='ltr'><strong>ab</strong></span> <span class='ocrx_word' id='word_1_143' title='bbox 669 3033 759 3130; x_wconf 82' lang='lat' dir='ltr'><strong>urbe</strong></span> <span class='ocrx_word' id='word_1_144' title='bbox 772 3048 950 3121; x_wconf 85' lang='lat' dir='ltr'><strong>Turonica</strong></span> <span class='ocrx_word' id='word_1_145' title='bbox 964 3047 1140 3148; x_wconf 89' lang='lat' dir='ltr'><strong>oppidum</strong></span> <span class='ocrx_word' id='word_1_146' title='bbox 1155 3049 1163 3085; x_wconf 80' lang='lat'>⁴</span> <span class='ocrx_word' id='word_1_147' title='bbox 1184 3051 1331 3123; x_wconf 83' lang='lat' dir='ltr'><strong>exstruit</strong></span> <span class='ocrx_word' id='word_1_148' title='bbox 1344 3065 1450 3150; x_wconf 90' lang='lat' dir='ltr'><strong>atque</strong></span> 
     </span>
     <span class='ocr_line' id='line_1_22' title="bbox 371 3156 1448 3267; baseline -0.001 -27"><span class='ocrx_word' id='word_1_149' title='bbox 371 3167 504 3258; x_wconf 73' lang='lat' dir='ltr'><strong>munit,</strong></span> <span class='ocrx_word' id='word_1_150' title='bbox 519 3166 639 3267; x_wconf 88' lang='lat' dir='ltr'><strong>copias</strong></span> <span class='ocrx_word' id='word_1_151' title='bbox 659 3156 781 3266; x_wconf 86' lang='lat' dir='ltr'><strong>ponit;</strong></span> <span class='ocrx_word' id='word_1_152' title='bbox 805 3162 975 3236; x_wconf 88' lang='lat' dir='ltr'><strong>militibus</strong></span> <span class='ocrx_word' id='word_1_153' title='bbox 996 3161 1139 3263; x_wconf 88' lang='lat' dir='ltr'><strong>implet;</strong></span> <span class='ocrx_word' id='word_1_154' title='bbox 1164 3165 1297 3262; x_wconf 80' lang='lat' dir='ltr'><strong>etquis</strong></span> <span class='ocrx_word' id='word_1_155' title='bbox 1309 3164 1360 3237; x_wconf 93' lang='lat' dir='ltr'><strong>ad·</strong></span> <span class='ocrx_word' id='word_1_156' title='bbox 1378 3165 1448 3240; x_wconf 92' lang='lat' dir='ltr'><strong>hoc</strong></span> 
     </span>
     <span class='ocr_line' id='line_1_23' title="bbox 370 3277 1447 3382; baseline -0.003 -25"><span class='ocrx_word' id='word_1_157' title='bbox 370 3283 587 3358; x_wconf 88' lang='lat' dir='ltr'><strong>diruendum</strong></span> <span class='ocrx_word' id='word_1_158' title='bbox 608 3280 775 3354; x_wconf 91' lang='lat' dir='ltr'><strong>Odonem</strong></span> <span class='ocrx_word' id='word_1_159' title='bbox 795 3280 1033 3353; x_wconf 87' lang='lat' dir='ltr'><strong>adventurum</strong></span> <span class='ocrx_word' id='word_1_160' title='bbox 1052 3277 1229 3380; x_wconf 83' lang='lat' dir='ltr'><strong>sperabat,</strong></span> <span class='ocrx_word' id='word_1_161' title='bbox 1245 3306 1367 3379; x_wconf 91' lang='lat' dir='ltr'><strong>regem</strong></span> <span class='ocrx_word' id='word_1_162' title='bbox 1383 3308 1447 3382; x_wconf 91' lang='lat' dir='ltr'><strong>pe·</strong></span> 
     </span>
     <span class='ocr_line' id='line_1_24' title="bbox 368 3396 1447 3498; baseline -0.006 -22"><span class='ocrx_word' id='word_1_163' title='bbox 368 3403 434 3493; x_wconf 90' lang='lat' dir='ltr'><strong>tiit,</strong></span> <span class='ocrx_word' id='word_1_164' title='bbox 449 3400 578 3475; x_wconf 86' lang='lat' dir='ltr'><strong>auxilia</strong></span> <span class='ocrx_word' id='word_1_165' title='bbox 596 3397 862 3498; x_wconf 88' lang='lat' dir='ltr'><strong>imploraturus.</strong></span> <span class='ocrx_word' id='word_1_166' title='bbox 885 3396 951 3467; x_wconf 91' lang='lat' dir='ltr'><strong>Cui</strong></span> <span class='ocrx_word' id='word_1_167' title='bbox 969 3407 1054 3467; x_wconf 87' lang='lat' dir='ltr'><strong>curn</strong></span> <span class='ocrx_word' id='word_1_168' title='bbox 1069 3421 1131 3466; x_wconf 82' lang='lat' dir='ltr'><strong>rex</strong></span> <span class='ocrx_word' id='word_1_169' title='bbox 1153 3396 1323 3471; x_wconf 84' lang='lat' dir='ltr'><strong>auxilium</strong></span> <span class='ocrx_word' id='word_1_170' title='bbox 1343 3397 1447 3496; x_wconf 89' lang='lat' dir='ltr'><strong>polli-</strong></span> 
     </span>
     <span class='ocr_line' id='line_1_25' title="bbox 369 3509 1445 3613; baseline -0.005 -23"><span class='ocrx_word' id='word_1_171' title='bbox 369 3532 521 3606; x_wconf 83' lang='lat' dir='ltr'><strong>ceretur,</strong></span> <span class='ocrx_word' id='word_1_172' title='bbox 550 3514 782 3588; x_wconf 87' lang='lat' dir='ltr'><strong>obstinatiore</strong></span> <span class='ocrx_word' id='word_1_173' title='bbox 807 3512 929 3583; x_wconf 88' lang='lat' dir='ltr'><strong>animo</strong></span> <span class='ocrx_word' id='word_1_174' title='bbox 955 3509 1145 3600; x_wconf 84' lang='lat' dir='ltr'><strong>ferebatur.</strong></span> <span class='ocrx_word' id='word_1_175' title='bbox 1178 3515 1301 3610; x_wconf 86' lang='lat' dir='ltr'><strong>Itaque</strong></span> <span class='ocrx_word' id='word_1_176' title='bbox 1325 3514 1445 3613; x_wconf 88' lang='lat' dir='ltr'><strong>copias</strong></span> 
     </span>
    </p>
   </div>
   <div class='ocr_carea' id='block_1_5' title="bbox 256 3629 1441 3729">
    <p class='ocr_par' dir='ltr' id='par_1_5' title="bbox 256 3629 1441 3729">
     <span class='ocr_line' id='line_1_26' title="bbox 256 3629 1441 3729; baseline 0.002 -26"><span class='ocrx_word' id='word_1_177' title='bbox 256 3649 265 3663; x_wconf 79' lang='lat'><strong><em>‘</em></strong></span> <span class='ocrx_word' id='word_1_178' title='bbox 367 3648 493 3706; x_wconf 88' lang='lat' dir='ltr'><strong>contra</strong></span> <span class='ocrx_word' id='word_1_179' title='bbox 506 3632 648 3705; x_wconf 90' lang='lat' dir='ltr'><strong>hostem</strong></span> <span class='ocrx_word' id='word_1_180' title='bbox 663 3653 918 3728; x_wconf 87' lang='lat' dir='ltr'><strong>congressurus</strong></span> <span class='ocrx_word' id='word_1_181' title='bbox 937 3641 1058 3725; x_wconf 80' lang='lat' dir='ltr'><strong>parat3</strong></span> <span class='ocrx_word' id='word_1_182' title='bbox 1079 3629 1273 3701; x_wconf 84' lang='lat' dir='ltr'><strong>exercitum</strong></span> <span class='ocrx_word' id='word_1_183' title='bbox 1286 3629 1441 3729; x_wconf 86' lang='lat' dir='ltr'><strong>colligit;</strong></span> 
     </span>
    </p>
   </div>
   <div class='ocr_carea' id='block_1_6' title="bbox 363 3743 1444 4086">
    <p class='ocr_par' dir='ltr' id='par_1_6' title="bbox 363 3743 1444 4086">
     <span class='ocr_line' id='line_1_27' title="bbox 365 3743 1444 3848; baseline -0.003 -24"><span class='ocrx_word' id='word_1_184' title='bbox 365 3751 574 3848; x_wconf 87' lang='lat' dir='ltr'><strong>bellumque</strong></span> <span class='ocrx_word' id='word_1_185' title='bbox 591 3747 713 3822; x_wconf 90' lang='lat' dir='ltr'><strong>Odoni</strong></span> <span class='ocrx_word' id='word_1_186' title='bbox 723 3748 859 3820; x_wconf 92' lang='lat' dir='ltr'><strong>indicit.</strong></span> <span class='ocrx_word' id='word_1_187' title='bbox 876 3743 972 3835; x_wconf 87' lang='lat' dir='ltr'><strong>Odo,</strong></span> <span class='ocrx_word' id='word_1_188' title='bbox 994 3744 1134 3845; x_wconf 89' lang='lat' dir='ltr'><strong>pudore</strong></span> <span class='ocrx_word' id='word_1_189' title='bbox 1155 3760 1282 3836; x_wconf 84' lang='lat' dir='ltr'><strong>tactus,</strong></span> <span class='ocrx_word' id='word_1_190' title='bbox 1302 3747 1444 3822; x_wconf 80' lang='lat' dir='ltr'><strong>aGallis</strong></span> 
     </span>
     <span class='ocr_line' id='line_1_28' title="bbox 366 3861 1443 3967; baseline -0.003 -26"><span class='ocrx_word' id='word_1_191' title='bbox 366 3869 479 3967; x_wconf 81' lang='lat' dir='ltr'><strong>Belgis</strong></span> <span class='ocrx_word' id='word_1_192' title='bbox 505 3866 663 3940; x_wconf 86' lang='lat' dir='ltr'><strong>subsidia</strong></span> <span class='ocrx_word' id='word_1_193' title='bbox 690 3866 790 3965; x_wconf 90' lang='lat' dir='ltr'><strong>petit.</strong></span> <span class='ocrx_word' id='word_1_194' title='bbox 818 3865 854 3936; x_wconf 90' lang='lat' dir='ltr'><strong>Si</strong></span> <span class='ocrx_word' id='word_1_195' title='bbox 877 3861 1008 3954; x_wconf 90' lang='lat' dir='ltr'><strong>adsint,</strong></span> <span class='ocrx_word' id='word_1_196' title='bbox 1033 3863 1183 3962; x_wconf 85' lang='lat' dir='ltr'><strong>gratiam</strong></span> <span class='ocrx_word' id='word_1_197' title='bbox 1208 3889 1284 3938; x_wconf 88' lang='lat' dir='ltr'><strong>sese</strong></span> <span class='ocrx_word' id='word_1_198' title='bbox 1306 3891 1443 3939; x_wconf 90' lang='lat' dir='ltr'><strong>recom-</strong></span> 
     </span>
     <span class='ocr_line' id='line_1_29' title="bbox 363 3979 1439 4086; baseline -0.002 -26"><span class='ocrx_word' id='word_1_199' title='bbox 363 4002 597 4086; x_wconf 85' lang='lat' dir='ltr'><strong>pensaturum</strong></span> <span class='ocrx_word' id='word_1_200' title='bbox 607 3981 774 4084; x_wconf 85' lang='lat' dir='ltr'><strong>spondet.</strong></span> <span class='ocrx_word' id='word_1_201' title='bbox 789 3981 844 4054; x_wconf 94' lang='lat' dir='ltr'><strong>llli</strong></span> <span class='ocrx_word' id='word_1_202' title='bbox 862 3979 1053 4054; x_wconf 86' lang='lat' dir='ltr'><strong>liberaliter</strong></span> <span class='ocrx_word' id='word_1_203' title='bbox 1065 3996 1243 4073; x_wconf 89' lang='lat' dir='ltr'><strong>annuunt,</strong></span> <span class='ocrx_word' id='word_1_204' title='bbox 1258 3980 1439 4082; x_wconf 84' lang='lat' dir='ltr'><strong>fidemque</strong></span> 
     </span>
    </p>
   </div>
   <div class='ocr_carea' id='block_1_7' title="bbox 397 4224 968 4384">
    <p class='ocr_par' dir='ltr' id='par_1_7' title="bbox 397 4224 968 4384">
     <span class='ocr_line' id='line_1_30' title="bbox 397 4224 920 4304; baseline -0.023 -19"><span class='ocrx_word' id='word_1_205' title='bbox 397 4230 412 4269; x_wconf 48' lang='lat' dir='ltr'><strong>l</strong></span> <span class='ocrx_word' id='word_1_206' title='bbox 430 4242 524 4304; x_wconf 74' lang='lat' dir='ltr'><strong>petus,</strong></span> <span class='ocrx_word' id='word_1_207' title='bbox 539 4229 584 4293; x_wconf 83' lang='lat' dir='ltr'><strong>in,</strong></span> <span class='ocrx_word' id='word_1_208' title='bbox 598 4246 624 4281; x_wconf 77' lang='lat' dir='ltr'><strong>se</strong></span> <span class='ocrx_word' id='word_1_209' title='bbox 636 4225 740 4280; x_wconf 81' lang='lat' dir='ltr'><strong>abscisa.</strong></span> <span class='ocrx_word' id='word_1_210' title='bbox 754 4226 815 4292; x_wconf 86' lang='lat' dir='ltr'><strong>(Sic</strong></span> <span class='ocrx_word' id='word_1_211' title='bbox 827 4224 920 4295; x_wconf 78' lang='lat' dir='ltr'><strong>l’crtr.)</strong></span> 
     </span>
     <span class='ocr_line' id='line_1_31' title="bbox 397 4306 968 4384; baseline -0.012 -19"><span class='ocrx_word' id='word_1_212' title='bbox 397 4317 406 4348; x_wconf 76' lang='lat'>⁴</span> <span class='ocrx_word' id='word_1_213' title='bbox 427 4321 540 4367; x_wconf 84' lang='lat' dir='ltr'><strong>castrum</strong></span> <span class='ocrx_word' id='word_1_214' title='bbox 558 4329 631 4384; x_wconf 68' lang='grc' dir='ltr'><em>ευριπ</em></span> <span class='ocrx_word' id='word_1_215' title='bbox 642 4311 724 4382; x_wconf 76' lang='lat' dir='ltr'><strong>posito</strong></span> <span class='ocrx_word' id='word_1_216' title='bbox 736 4307 866 4379; x_wconf 87' lang='lat' dir='ltr'><strong>oppidum</strong></span> <span class='ocrx_word' id='word_1_217' title='bbox 880 4306 968 4360; x_wconf 70' lang='lat' dir='ltr'><strong>eodm.</strong></span> 
     </span>
    </p>
   </div>
   <div class='ocr_carea' id='block_1_8' title="bbox 0 0 1666 5298">
    <p class='ocr_par' dir='ltr' id='par_1_8' title="bbox 0 0 1666 5298">
     <span class='ocr_line' id='line_1_32' title="bbox 0 0 1666 5298; baseline 0 12"><span class='ocrx_word' id='word_1_218' title='bbox 0 0 1666 5298; x_wconf 95' lang='lat' dir='ltr'><strong> </strong></span> 
     </span>
    </p>
   </div>
  </div>
 </body>
</html>
