3308 5286
337 505 378 568 54
561 526 565 535 “
693 507 861 593 RICHERJ
883 509 959 572 LIB.
983 511 1042 572 ΙΙΙ.

396 688 399 696 i
439 707 588 764 xmx.'-
599 713 653 778 Qui
666 714 764 766 labor*
783 715 807 766 ei
818 714 847 766 in
859 713 1075 766 mathematicis*
1092 714 1225 785 impensus
1236 714 1269 767 sit
1281 715 1311 778 *.,

387 870 457 943 Sed
479 873 614 944 baeda
633 873 758 970 logica.
781 879 822 944 ln
841 856 993 945 mathesi
1015 897 1101 945 vero
1125 888 1280 971 quantus
1305 874 1417 969 sudor

338 1011 514 1086 expensus
528 989 589 1080 sit,
602 1015 678 1062 non
687 990 927 1087 incongruum
940 990 1058 1062 dicere
1071 990 1225 1063 videtur.
1242 983 1416 1064 drithme-

338 1105 444 1177 ticam
463 1095 573 1197 enim,
594 1131 672 1204 quae
686 1121 738 1179 est
752 1106 954 1184 matheseos
967 1103 1096 1208 prim‘a,
1112 1110 1275 1212 inprimis
1294 1103 1415 1210 dispo·

339 1219 412 1292 sitis
431 1223 730 1314 accommodavit,
751 1224 840 1296 [nde
858 1227 965 1297 etiam
987 1226 1174 1318 musicam,
1195 1224 1311 1299 multo
1333 1241 1415 1298 ante

339 1336 459 1410 Galliis
485 1341 657 1436 ignotam,
687 1342 909 1419 notissimam
931 1343 1057 1416 effecit.
1087 1343 1196 1439 Cujus
1221 1368 1353 1442 genera
1379 1344 1417 1414 iu

339 1456 567 1536 monocordo
589 1457 798 1556 disponens,
820 1477 948 1532 eorum
967 1462 1221 1534 consonantias
1241 1461 1315 1534 sive
1333 1461 1417 1534 sim·

339 1571 492 1672 phonias
505 1575 543 1646 in
562 1576 656 1647 tonis
668 1601 710 1647 ao
722 1561 931 1678 semitoniis,
948 1577 1081 1650 ditonis
1099 1596 1245 1678 quoque
1263 1605 1305 1652 ac
1319 1578 1420 1650 die'si·

338 1689 407 1762 bus
420 1690 652 1790 distinguens,
667 1709 845 1792 tonosque
862 1697 900 1765 in
913 1696 1009 1767 sonis
1027 1695 1283 1768 rationabiliter
1301 1695 1418 1774 distri-

339 1807 466 1901 buens,
482 1811 519 1882 in
534 1810 777 1912 plenissimam
790 1813 953 1885 notitiam
967 1811 1114 1909 redegit.
1146 1823 1147 1836 ¹

448 2021 453 2056 ·’
560 2027 600 2078 ·L.
615 2007 791 2097 —'Speraa**
804 2025 940 2085 ,olidaetu
959 2013 1116 2098 compositio
1129 2025 1171 2076 **.

392 2171 494 2247 Ratio
519 2174 606 2243 vero
629 2174 856 2248 astronomiae
880 2187 1017 2271 quanto
1036 2171 1168 2246 sudore
1192 2171 1342 2258 collecta
1363 2172 1419 2262 sit,
1471 2187 1484 2203 '·
1544 2189 1548 2198 '

341 2286 461 2357 dicere
481 2287 607 2360 inutile
621 2306 786 2380 nonest,
802 2305 843 2362 ut
857 2305 897 2362 et
919 2291 1010 2361 tanti
1031 2290 1099 2362 viri
1109 2290 1280 2386 sagacitas
1297 2288 1425 2362 adver·
1457 2295 1460 2304 '

341 2416 448 2494 tatur,
469 2418 505 2475 et
527 2405 611 2476 artis
629 2399 786 2478 efficacia
806 2403 1226 2480 lector'commodissime
1245 2406 1417 2510 capiatur.
1435 2416 1437 2422 ’

341 2523 429 2606 Quae
447 2545 531 2592 cum
549 2546 643 2619 pene
666 2516 916 2595 intellectibilis
938 2523 994 2612 sit,
1016 2537 1137 2620 tamen
1161 2533 1238 2593 nort
1261 2523 1337 2594 sine
1358 2522 1422 2592 ad-

341 2637 531 2709 miratione
569 2637 786 2734 quibusdam
822 2631 1067 2736 instrumentis
1098 2640 1156 2730 ad,
1178 2639 1421 2743 cognitionem

246 2765 251 2778 '
342 2741 502 2824 adduxit.
530 2756 698 2852 Inprimis
713 2757 820 2828 enim
849 2755 977 2852 mundi
1000 2736 1141 2854 speram
1169 2780 1212 2826 ex
1238 2753 1354 2827 solido
1367 2751 1422 2825 «ae

342 2869 503 2942 rotundo
514 2870 612 2967 ligno
627 2869 907 2968 argumentatus
924 2873 1074 2944 minoris
1088 2867 1331 2961 similitudine,
1348 2895 1423 2944 ma·

338 2987 457 3082 jorem
482 2989 664 3087 expressit.
687 2991 806 3074 Quam
824 3012 908 3062 cum
927 2988 1071 3060 duobus
1084 2988 1177 3086 polis
1199 2988 1236 3059 in
1260 2986 1422 3076 orizonte

343 3103 557 3201 obliquaret,
575 3107 675 3208 signa
698 3104 1001 3211 septemtrionalia
1018 3104 1105 3204 polo
1124 3103 1289 3182 erectiori
1307 3101 1418 3190 dedit,

340 3211 507 3322 australia
534 3247 622 3294 vero
653 3221 837 3317 dejectiori
865 3219 1040 3294 adhibuit.
1065 3220 1182 3316 ¹Cujus
1204 3219 1421 3318 positionem

340 3365 384 3411 eo
404 3339 538 3414 circulo
550 3327 654 3431 rexit,
674 3339 737 3437 qui
755 3363 775 3410 a
788 3338 918 3412 Graecis
932 3337 1071 3434 orizon,
1087 3349 1108 3408 a
1121 3318 1254 3428 Latinis
1265 3335 1421 3406 limitans

339 3457 413 3532 sive
435 3457 677 3536 determinans
691 3454 904 3554 appellatur,
926 3480 970 3526 eo
989 3453 1089 3552 quod
1107 3453 1145 3523 iu
1166 3477 1210 3526 eo
1225 3451 1324 3550 signa
1341 3475 1421 3548 quae

315 3643 317 3647 .
337 3572 506 3645 videntur
519 3573 565 3645 ab
584 3573 641 3644 his
654 3591 736 3670 quae'
747 3597 823 3644 non
836 3572 1005 3662 videntur
1016 3561 1210 3668 distinguat
1223 3596 1265 3644 ac
1278 3559 1416 3641 limitet.

336 3693 417 3776 Qua
435 3691 473 3762 in
486 3691 648 3762 orizonte
667 3692 718 3760 sic
738 3689 924 3781 collocata,
942 3703 982 3761 ut
1001 3703 1037 3761 et
1055 3702 1175 3760 ortum
1197 3693 1420 3759 etoccasum
1463 3704 1464 3712 ¹
1498 3741 1503 3753 .

336 3805 521 3903 signorum
539 3806 671 3878 utiliter
683 3832 726 3879 ac
744 3797 983 3905 ¹probabiliter
999 3806 1273 3895 demonstraret,
1299 3829 1419 3875 rerum

337 3934 479 4017 nattrr'as
501 3921 681 4019 dispositis
706 3919 912 4014 insinuavit,
935 3907 1211 4023 instituitquein
1234 3922 1419 4018 signorum

372 4163 387 4198 *
406 4165 474 4229 bor,
490 4163 587 4229 emati,
606 4164 626 4215 it
642 4163 708 4218 abac.

370 4249 404 4284 ⁴⁸¹*
422 4268 448 4313 s,
466 4267 511 4313 so,
526 4267 604 4320 comp
617 4247 683 4302 absc.
