3308 5286
357 521 397 578 a‘t
716 511 884 576 alettttttt
906 513 982 582 ΗΒ..
1009 517 1067 576 Ill.

425 1547 429 1559 “
465 1576 578 1628 xavu.
593 1576 711 1642 -Quu
722 1537 899 1648 provehendis
910 1575 927 1610 *
944 1563 1127 1627 rhenones*
1143 1569 1289 1644 providerit
1301 1573 1327 1624 ¹.
1430 1633 1434 1637 ,

408 1745 556 1812 Necnon
575 1754 612 1812 et
631 1755 786 1837 quatuor
807 1738 853 1810 de
871 1739 998 1838 topicis
1014 1737 1223 1836 differentiis
1242 1738 1366 1828 libros,
1391 1737 1438 1808 de

358 1856 559 1953 sillogismis
577 1856 808 1953 cathegoricis
824 1855 929 1946 duca,
951 1854 997 1926 de
1017 1854 1230 1953 ypotheticis
1247 1861 1331 1945 tres,
1347 1851 1438 1924 diffi-

358 1973 609 2070 nitionumque
630 1972 762 2044 librum
784 1998 924 2062 unum,
941 1953 1160 2044 divisionum
1182 1996 1282 2068 aeque
1300 1993 1433 2062 unum,

358 2088 490 2176 utiliter
509 2089 593 2186 legit
610 2103 646 2160 et
671 2089 853 2188 expressit.
875 2092 961 2159 Post
980 2106 1137 2184 quorum
1156 2086 1332 2179 laborem,
1354 2113 1439 2160 cum

358 2207 405 2278 ad
429 2206 672 2281 rhethoricam
692 2231 775 2278 suos
792 2200 992 2305 provehere
1012 2203 1130 2294 vellet,
1152 2204 1190 2278 id
1208 2203 1275 2276 sibi
1294 2231 1438 2306 suspec-

357 2341 435 2398 tum
454 2340 545 2415 erat,
573 2324 674 2423 quod
687 2325 763 2396 sine
780 2315 1006 2396 locutionum
1029 2319 1160 2412 modis,
1182 2323 1244 2420 qui
1267 2323 1304 2394 in
1322 2323 1438 2423 poetis

358 2442 521 2514 discendi
538 2457 634 2532 sunt,
658 2442 704 2513 ad
724 2441 919 2512 oratoriam
937 2455 1051 2510 artem
1064 2453 1147 2510 ante
1159 2442 1338 2538 perveniri
1362 2466 1438 2513 non

358 2573 477 2657 queat.
494 2563 621 2630 Poetas
632 2557 739 2655 igitur
751 2555 927 2646 adhibuit,
939 2554 1069 2652 quibus
1080 2555 1338 2654 assuescendos
1347 2557 1439 2628 arbi-

357 2676 530 2750 trabatur.
552 2676 652 2772 Legit
669 2675 788 2770 itaque
814 2697 856 2743 ae
879 2671 1001 2744 docuit
1024 2675 1211 2743 Maronem
1233 2686 1268 2743 et
1288 2675 1440 2767 Statium

358 2793 635 2888 Terentiumque
652 2805 791 2889 poetas,
821 2788 1030 2861 iuvenalem
1053 2813 1199 2886 quoqne
1218 2813 1260 2861 ac
1280 2793 1442 2864 Persium

360 2909 620 3005 Horatiumque
645 2906 825 2996 satiricos,
861 2910 1047 3004 Lucanum
1074 2905 1182 2978 etiam
1212 2905 1441 3006 historiogra-

359 3025 486 3125 phum.
504 3023 644 3112 Quibus
657 3022 884 3110 assuefactos,
900 3021 1199 3119 locutionumque
1212 3022 1329 3096 modis
1342 3046 1441 3097 com=

358 3143 508 3240 positos,
529 3141 575 3212 ad
589 3139 832 3212 rhethoricam
840 3136 1055 3210 *transduxit

518 3327 648 3384 XLVIII.
661 3359 698 3371 -
710 3330 765 3382 Cur
776 3331 811 3382 eis
819 3327 852 3364 ¹⁸
870 3301 1014 3400 sophistam
1020 3327 1054 3364 θ
1070 3327 1221 3383 adhibuerit
1231 3330 1281 3384 ”A
1300 3317 1304 3322 ⁸

409 3461 489 3545 Qua
512 3455 692 3528 instructis
711 3452 910 3552 sophistam
930 3451 1113 3546 adhibum
1144 3455 1241 3554 apud
1264 3482 1373 3560 quem
1400 3462 1438 3532 in

360 3575 611 3648 controversiis
628 3584 890 3660 exercerentur,
912 3593 953 3640 ac
974 3570 1025 3652 sic
1051 3580 1193 3670 exarte
1212 3565 1377 3670 agerent,
1391 3591 1439 3648 ut

358 3705 608 3792 praterartem
620 3713 724 3786 agere
735 3687 954 3778 viderentur,
969 3687 1069 3785 quod
1081 3690 1233 3761 oratoris
1242 3675 1439 3764 maximum

358 3809 511 3881 videtur.
631 3837 635 3844 ’

397 4021 413 4054 *
432 4037 478 4084 ve,
491 4018 552 4083 icis,
565 4016 586 4070 it
597 4015 664 4068 absc.

396 4104 429 4140 *l*
446 4105 483 4170 is,
500 4120 560 4170 am,
579 4101 628 4154 erit
644 4099 711 4152 absc.
