3324 5298
359 509 420 572 tut
724 509 890 573 lllCHElll
913 505 987 572 nlss.
1008 511 1062 572 lV.

358 641 432 712 vim
448 639 656 729 advertens,
673 641 795 741 legatis
812 644 993 734 satisfacit,
1010 642 1359 742 benivolentiamque
1372 671 1434 744 pe·

359 757 450 829 tenti
467 758 625 830 mandat.
648 762 730 831 Haec
749 759 855 857 legati
875 759 996 832 Odoni
1017 760 1185 832 referunt.
1214 761 1435 860 Odoitaque

360 897 480 970 regem
507 874 604 946 adiit.
633 879 763 948 Coram
789 901 861 974 quo
885 878 1046 950 oratione
1070 877 1202 949 utiliter
1226 903 1329 970 usus,
1359 879 1435 975 ejus

360 991 469 1086 gratia
491 993 625 1090 potitus
644 1009 716 1083 est3
732 1008 830 1066 tanta
848 993 1049 1066 affabilitate
1069 993 1234 1090 insignis,
1255 1008 1295 1079 ut
1315 995 1435 1066 amici·

360 1107 447 1178 tiam
465 1107 651 1205 pristinam
668 1126 903 1202 renovarent,
925 1125 961 1182 et
981 1111 1018 1182 in
1041 1109 1140 1182 nullo
1161 1126 1344 1211 suspectus
1361 1111 1436 1208 regi

362 1225 564 1302 haberetur.

415 1429 542 1482 LXXXI.
554 1429 703 1484 -Bellum
716 1430 785 1484 inter
795 1430 919 1486 Odonem
929 1428 979 1486 etl
991 1427 1159 1485 Falconem*
1174 1427 1208 1482 de
1218 1428 1375 1500 Brittannia.

412 1588 486 1656 Hac
511 1600 719 1684 tempestate
744 1580 880 1677 itidem,
901 1585 1017 1658 civilia
1037 1584 1132 1657 bella
1154 1601 1316 1685 reparata
1338 1601 1432 1658 sunt.

364 1703 455 1774 Nam
475 1701 584 1774 Fulco
606 1703 792 1776 Britanniae
809 1719 909 1802 parte
928 1703 1133 1793 frustratus,
1155 1703 1301 1777 insidias
1318 1703 1437 1777 adhuc

364 1843 489 1916 parare
509 1819 762 1904 contendebat.
791 1821 1021 1918 Collectoque
1040 1821 1213 1912 exercitu,
1234 1822 1272 1892 in
1289 1822 1438 1892 Brittan·

365 1934 463 2018 niam
475 1959 633 2034 praeceps
651 1934 773 2026 fertur,
795 1940 1011 2033 Namtasque
1032 1935 1180 2034 appetit.
1201 1935 1310 2032 Cujus
1322 1949 1439 2006 custo-

366 2046 429 2120 des
440 2047 528 2120 alios
546 2073 635 2130 auro
651 2050 828 2147 corrupit,
845 2049 933 2122 alios
945 2048 1160 2148 quibusdam
1180 2048 1440 2148 pollicitationi·

366 2163 435 2238 bus
455 2164 577 2238 illexit.
604 2166 663 2238 Eis
684 2191 830 2264 quoque
850 2191 964 2263 usque
988 2165 1035 2237 ad
1054 2165 1219 2238 effectum
1239 2166 1347 2237 suasit
1366 2189 1439 2262 quo

367 2280 434 2352 sibi
445 2282 527 2354 satis
540 2281 709 2390 facerent,
727 2297 766 2353 ut
778 2282 910 2354 scilicet
921 2281 1019 2354 urbis
1030 2282 1216 2353 introitum
1227 2281 1437 2379 panderent.

368 2398 440 2484 Qui
454 2399 561 2489 suasi,
578 2415 802 2471 sacramento
818 2413 961 2498 tempus
978 2400 1219 2490 constituunt,
1241 2423 1309 2470 nec
1327 2397 1441 2470 multo

368 2529 510 2612 postet
537 2516 575 2586 in
600 2514 727 2587 urbem
753 2515 957 2614 admittunt,
992 2499 1244 2622 Ingressusque
1266 2515 1439 2618 pervadit,

370 2645 443 2704 eta
462 2631 647 2722 civibus,
634 2649 716 2736 jure
737 2619 969 2740 sacramenti,
991 2615 1134 2704 obsides
1151 2621 1300 2732 accepit.
1318 2636 1443 2720 Arcem

371 2749 484 2820 solam
507 2773 709 2864 expugnare
729 2772 804 2819 non
822 2748 944 2839 valuit,
968 2773 1013 2821 eo
1010 2747 1135 2848 quod
1153 2747 1281 2818 milites
1301 2773 1445 2851 magna·

371 2867 489 2974 nimos
510 2852 669 2968 haberet.
699 2865 804 2936 Unde
824 2879 859 2936 et
883 2865 1000 2972 cessit,
1028 2889 1104 2964 sese
1122 2862 1291 2936 recedere
1312 2862 1445 2935 delibe-

372 3006 467 3068 rans,
497 2997 536 3052 ut
554 2981 666 3080 copiis
688 2981 923 3090 amplioribus
946 3005 1199 3080 congressurus
1224 2967 1367 3072 rediret,
1390 3005 1446 3053 ar·

371 3123 523 3196 comque
536 3111 766 3196 expugnaret.

836 3273 976 3326 LXXXII.

414 3438 584 3532 Conapus
598 3433 634 3504 in
646 3430 880 3534 exterioribus
888 3433 1088 3508 Brittanniae
1097 3431 1268 3532 partibus,
1279 3431 1448 3529 quilocus

376 3550 551 3642 Bruerech
565 3549 709 3642 dicitur,
731 3547 778 3654 de
796 3547 903 3621 rebus
924 3548 1059 3626 bellicis
1076 3547 1175 3647 apud
1195 3573 1280 3624 suos
1297 3563 1449 3646 pertrac-

372 3668 483 3760 tabat,
504 3693 589 3740 cum
614 3666 661 3748 ad
683 3666 760 3763 ejus
783 3691 886 3741 aures
907 3665 986 3738 haec
1008 3666 1126 3738 delata
1151 3680 1245 3737 sunt.
1271 3666 1449 3762 Magisque

373 3802 492 3887 ooepto
511 3785 661 3882 negotiu¹
684 3784 872 3873 insistens,
893 3783 1087 3858 exercitum
1105 3796 1296 3880 congregat
1312 3782 1344 3872 f,
1369 3780 1449 3852 bel·
1527 3817 1532 3828 ·

346 3901 521 3999 lumque
543 3898 620 3971 fieri
644 3913 757 3996 parat.
781 3901 825 3994 Et
849 3899 1021 3995 quoniam
1041 3896 1221 3970 obsidioni
1245 3895 1450 3968 instandum

372 4033 514 4115 tempus
526 4014 711 4106 suadebat,
728 4013 919 4089 collectum
933 4013 1126 4114 exercitum
1141 4012 1221 4084 urbi
1231 4012 1381 4104 inducit,
1398 4012 1450 4099 ei,-

407 4185 423 4219 *
442 4195 467 4236 et
481 4185 625 4236 Fulconem
638 4183 741 4236 abscisa.

409 4268 417 4299 ¹
437 4279 512 4340 parat
527 4287 589 4320 corr.
603 4279 753 4340 congregat.
