3314 5294
339 549 396 606 108
708 544 876 606 RlCllERl
898 548 973 610 LlB.
999 548 1058 608 Ill.

444 749 626 803 LXXXVIII.
640 781 677 792 -
689 751 767 823 Hugo
781 752 936 806 inmutato*
951 751 1067 806 habitu*
1080 750 1188 805 insidias
1200 745 1297 804 evadit.
1402 783 1406 790 ·

388 917 470 983 Dux
479 912 612 985 horum
624 938 699 986 non
712 916 865 1006 nescius,
881 914 1037 987 reditum
1049 912 1235 1004 accelerat,
1259 910 1424 1010 dolisque

340 1046 595 1128 praemetuens,
616 1045 752 1102 vestem
766 1047 899 1121 mutat,
920 1057 1069 1130 seseque
1088 1056 1202 1102 unum
1221 1029 1267 1101 de
1286 1027 1425 1100 clienti-

341 1144 410 1215 bus
443 1145 597 1217 simulat.
627 1150 749 1244 Equos
779 1173 891 1219 onera
917 1147 1069 1219 ferentes
1101 1148 1176 1246 ipse
1205 1147 1425 1243 negitatque

343 1253 508 1357 exagitat.
530 1265 651 1334 Onera
669 1262 824 1362 imponit
842 1280 877 1336 et
891 1264 1057 1365 deponit,
1080 1262 1249 1337 omnibus
1268 1287 1305 1334 se
1319 1262 1427 1332 servi-

343 1393 466 1452 turum
500 1379 765 1452 accommodat.
797 1386 980 1479 Tantaque
1013 1382 1187 1454 industria
1217 1382 1254 1450 in
1290 1379 1427 1474 abjecta

342 1509 441 1566 veste
456 1509 491 1566 et
508 1495 644 1568 inculto
658 1496 784 1568 habitu
798 1524 836 1569 se
850 1498 982 1573 ducem
996 1497 1244 1586 dissimulavit,
1260 1511 1300 1566 ut
1313 1510 1350 1566 et
1362 1519 1427 1592 per

342 1612 553 1685 insidiarum
579 1614 659 1685 loca
683 1616 849 1687 transiret
873 1642 952 1713 quae
974 1642 1042 1688 nec
1067 1618 1178 1688 vitare
1201 1628 1362 1714 poterat,
1393 1627 1429 1684 et

342 1729 552 1802 insidiantes
583 1731 773 1803 efficaciter
797 1732 944 1804 falleret.
972 1739 1054 1804 Uno
1075 1749 1216 1805 tantum
1238 1732 1246 1768 ⁴
1272 1730 1428 1829 bospitio

344 1869 438 1943 pene
462 1845 708 1946 deprehensus
728 1848 806 1919 fuit.
824 1853 915 1920 Nam
933 1849 1022 1920 dum
1040 1849 1202 1920 eundum
1222 1862 1314 1918 esset
1330 1845 1430 1917 cubi-

346 1977 439 2052 tum,
456 1964 490 2034 ei
507 1962 621 2035 lectus
634 1990 719 2036 cum
738 1964 899 2061 diligenti
920 1982 1094 2065 apparatu
1113 1965 1335 2064 compositus
1352 1979 1427 2053 est3

346 2081 451 2178 eique
473 2081 679 2152 circumfusi
696 2106 734 2154 se
748 2107 875 2154 omnes
895 2082 941 2154 ad
960 2083 1190 2154 serviendum
1207 2081 1427 2153 obtulerunt.

347 2195 414 2268 Alii
432 2198 528 2268 enim
538 2223 632 2294 genu
645 2198 761 2269 llexo²
778 2199 909 2295 caligas
921 2199 1168 2289 extrahebant,
1186 2212 1431 2294 extractasque

347 2311 406 2382 alii
425 2309 668 2412 excipiebant;
685 2314 744 2384 alii
761 2339 849 2386 vero
861 2315 1018 2386 nudatos
1029 2313 1140 2414 pedes
1158 2312 1334 2404 sedentis,
1349 2311 1432 2383 sub-

348 2427 501 2498 sidendo
527 2428 794 2516 confricabant,
826 2445 861 2502 et
888 2431 970 2527 giris
996 2434 1151 2501 vestium
1172 2427 1429 2502 emundabant.

348 2551 431 2616 Haec
453 2545 585 2644 hospes
609 2573 674 2644 per
697 2549 779 2619 ostii
797 2549 906 2620 rimas
929 2547 1194 2647 contemplatus
1213 2561 1278 2618 est.
1299 2551 1434 2643 Depre-

348 2660 553 2758 hensusque
572 2663 796 2762 explorasse,
817 2689 902 2735 mox
923 2689 970 2735 ne
985 2690 1062 2735 rem
1084 2663 1266 2759 detegeret
1286 2675 1435 2733 vocatus

350 2793 403 2850 est
416 2794 451 2849 et
465 2779 702 2850 intromissus.
725 2781 933 2879 Strictisque
951 2780 1187 2852 mucronibus
1198 2793 1391 2878 postquam
1402 2778 1436 2849 ei

351 2920 477 2966 necem
492 2896 618 2967 utinati
629 2911 714 2967 sunt
727 2899 757 2968 si
770 2923 898 2970 vocem
917 2899 1112 2989 emitteret,
1134 2894 1437 2995 comprehensum

351 3009 467 3108 ligatis
490 3013 656 3083 manibus
680 3014 883 3113 etpedibus
899 3014 1172 3112 inergastulum
1193 3013 1433 3083 detruserunt.

354 3131 425 3218 Qui
438 3155 528 3201 voce
542 3156 753 3231 suppressa,
774 3132 823 3204 ibi
839 3158 951 3232 usque
963 3132 1215 3231 crepusculum
1225 3154 1406 3202 convexus
1422 3129 1444 3232 ἰ

351 3248 474 3344 jacuit.
493 3253 579 3320 Post
592 3264 700 3320 nocte
712 3250 973 3341 abscendente,
987 3253 1025 3321 in
1044 3253 1122 3348 ipso
1136 3246 1348 3347 crepusculo
1360 3273 1438 3318 sur·

356 3382 537 3438 rexerunt.
555 3369 747 3466 Hospitem⁴
756 3384 980 3469 assumptum
994 3385 1030 3440 et
1043 3357 1137 3467 equo
1152 3369 1348 3456 invectum,
1362 3380 1440 3437 tan·

357 3483 421 3555 diu
433 3500 726 3582 asportaverunt,
742 3484 860 3556 donec
873 3485 953 3558 loca
967 3502 1131 3584 suspecta
1142 3484 1435 3556 transmitterent.

357 3600 496 3688 Quibus
510 3603 742 3694 transmissis,
766 3602 971 3701 depositum
994 3601 1229 3689 dimiserunt,
1246 3599 1441 3696 reliquum·

358 3745 428 3818 que
451 3720 587 3790 itineris
611 3721 743 3793 celeres
771 3719 1015 3792 coniecerunt.
1045 3725 1117 3792 Nec
1143 3720 1262 3790 minus
1283 3714 1441 3790 Conradi

357 3838 448 3936 regis
460 3838 565 3911 dolos
579 3863 663 3938 sepe
677 3839 881 3911 simulando
895 3853 931 3911 et
942 3837 1205 3910 dissimulando
1218 3837 1341 3925 evasit,
1357 3857 1441 3905 cum

394 4055 409 4091 *
428 4075 489 4122 mu,
502 4057 634 4110 uabscisa.

398 4141 406 4171 ¹
425 4143 461 4192 sie
475 4140 563 4193 codex.

395 4223 407 4255 ²
425 4222 496 4275 flexu
508 4243 571 4276 corr.
588 4225 667 4278 flexo.

397 4309 409 4338 ⁸
428 4325 584 4376 conquexus
596 4310 683 4362 codex.
