3308 5286
346 496 386 557 ιι
704 505 872 583 uranum
894 489 969 569 iri.
994 508 1054 569 ιιι.

470 587 475 624 Ι

347 659 365 697 ιι
388 628 553 722 additum
572 650 636 707 est.
662 641 827 726 Quomm
849 665 1020 713 numerus
1038 665 1122 713 oum
1142 666 1185 714 ex
1202 641 1291 714 loeis
1308 642 1421 717 diver

347 774 364 812 ιι
387 747 433 818 sis
449 747 626 847 plurimus
645 771 755 848 esset,
777 756 1015 855 apluralitate
1039 757 1216 830 malorum
1237 757 1420 833 bonorum

346 889 365 927 ιι
385 863 555 961 paucitati
574 866 612 938 id
630 893 837 967 persuasum
855 886 919 943 est.
952 899 969 938 ιι

610 1047 683 1102 XLI.
694 1078 731 1090 -
740 1049 804 1102 De*
816 1049 1012 1128 femoralibus*
1026 1049 1156 1120 iniquis*.

394 1197 412 1235 ιι
434 1168 505 1241 Sed
525 1172 614 1267 quid
632 1172 818 1246 femoralia
836 1175 958 1272 iniqua
987 1174 1162 1248 referam?
1185 1179 1326 1246 Horum
1353 1190 1405 1247 et·

346 1312 364 1349 ιι
386 1276 481 1357 ebim
502 1287 639 1360 tibiales
650 1304 777 1392 quater
795 1290 1005 1390 sesquipede
1017 1306 1152 1391 patent,
1176 1307 1282 1388 atque
1295 1316 1338 1364 ex
1356 1306 1421 1363 sta·

345 1403 491 1474 «minis
522 1405 713 1480 subtilitate
745 1409 852 1497 etiam
883 1409 1055 1508 pudenda
1087 1408 1308 1482 intuentibus
1344 1433 1419 1480 non

345 1543 363 1582 ιι
383 1531 598 1615 protegunt3
628 1522 666 1592 in
698 1547 855 1619 quorum
884 1524 1143 1622 compositione
1179 1523 1217 1594 id
1247 1521 1310 1594 uni
1344 1548 1419 1593 non

335 1661 363 1700 ·ιι
385 1632 534 1726 sufficit,
560 1660 633 1735 quo
654 1638 728 1711 duo
743 1640 903 1711 contenti
920 1638 966 1711 ad
984 1639 1132 1738 plenum
1150 1664 1225 1711 esse
1246 1639 1416 1710 valerent.

345 1777 363 1816 ιι
384 1743 472 1823 Haec'
491 1777 613 1825 eoram
635 1754 694 1827 hie
721 1756 849 1849 relata,
885 1782 931 1829 an
960 1756 1144 1855 prohiberi
1167 1757 1302 1848 velitis,
1331 1755 1421 1827 indi·

230 1911 235 1922 .
346 1895 363 1934 ιι
386 1883 475 1940 cate.
506 1873 639 1944 Caetera
664 1881 750 1952 'vero
773 1874 905 1946 nostris
932 1874 1092 1946 conciliis
1116 1875 1153 1944 in
1178 1874 1317 1973 privato
1345 1897 1422 1944 cor·

344 2012 363 2050 «
385 1984 530 2082 rigenda
559 2002 654 2061 sunt.
689 2018 707 2057 ιι
741 1989 897 2076 Sinodus
923 1988 1048 2072 dixit:
1082 2019 1100 2057 ιι
1132 1993 1177 2061 Εῐ
1203 1988 1420 2090 prohibean-

338 2123 364 2168 ἰι
384 2116 455 2172 tur.
484 2131 503 2170 ιι
925 2125 931 2130 ’

503 2253 591 2307 XLII.
603 2284 640 2296 -
650 2255 797 2328 Responsio
809 2255 1007 2327 metropolitani
1022 2255 1056 2309 ad
1067 2255 1208 2328 primatem
1219 2253 1261 2306 *h

391 2376 445 2450 Ad
461 2376 538 2451 haee
562 2406 708 2480 quoque
737 2382 1034 2482 metropolitanus
1056 2379 1267 2475 subjunxit:
1293 2406 1312 2446 ιι
1335 2381 1421 2449 Gra·

346 2494 502 2568 «vitatis
523 2497 671 2593 quidem
698 2514 822 2596 vestrae
847 2498 913 2588 fuit
939 2521 1055 2599 pauca
1076 2495 1232 2567 dicendo
1259 2494 1422 2594 pluribus

347 2637 366 2680 ιι
385 2634 551 2710 parcere;
579 2613 837 2711 sedquoniam
860 2615 937 2686 haec
961 2639 1041 2712 quae
1066 2612 1355 2713 reprehensimus
1384 2613 1422 2682 in

242 2767 247 2774 -
346 2756 365 2796 ιι
384 2745 503 2802 vestro
530 2731 658 2803 ordine
681 2732 886 2828 subjacent,
912 2730 980 2802 alia
1003 2729 1127 2819 nobis,
1150 2729 1218 2800 alia
1244 2753 1330 2800 vero
1353 2729 1422 2826 pri·

230 2909 233 2916 .
346 2874 365 2916 ιι
383 2847 474 2918 vatis
501 2847 660 2920 conciliis
691 2849 904 2946 corrigenda
930 2844 1115 2943 judicatis,
1149 2843 1247 2916 idem
1277 2845 1418 2934 sentin,

347 2989 365 3030 ιι
387 2960 485 3033 idem
513 2960 635 3034 laudo.
663 2963 768 3035 Unde
797 2965 905 3036 etiam
932 2986 1011 3059 quae
1036 2960 1096 3032 hie
1123 2959 1277 3042 inhiberi
1306 2971 1422 3032 vestra

347 3104 367 3144 ιι
387 3076 538 3173 gravitas
552 3079 658 3176 petit,
677 3094 800 3152 nostra
810 3078 1001 3151 auctoritas
1012 3075 1202 3148 interdicit.
1220 3080 1307 3163 Quae
1320 3074 1423 3147 vobis
1513 3131 1517 3138 .

348 3221 367 3260 ιι
387 3192 526 3266 silendo
549 3197 771 3287 reservastis,
804 3197 928 3268 vestris
950 3195 1184 3292 relinquimus
1210 3190 1423 3263 inmutanda

282 3363 286 3371 .
348 3339 366 3378 ιι
383 3310 532 3406 juditiis.
557 3341 576 3380 ιι
606 3313 668 3384 His
695 3338 840 3411 quoque
870 3311 995 3404 dictis,
1027 3310 1175 3386 sinodus
1205 3309 1321 3381 soluta
1354 3322 1418 3379 est.

346 3430 428 3514 Quo
442 3444 627 3529 tempore,
644 3430 907 3503 monachorum
920 3428 1043 3525 religio
1063 3426 1260 3500 admodum
1278 3424 1420 3513 floruit,

346 3567 430 3615 eum
466 3570 594 3619 eorum
623 3547 802 3644 religionis
831 3546 1063 3646 peritissimus
1098 3541 1419 3640 metropolitanus,

345 3658 452 3756 hujus
475 3657 527 3732 'rei
539 3661 703 3735 hortator
720 3678 812 3734 esset
824 3678 861 3736 et
873 3686 1009 3734 suasor.
1028 3664 1072 3730 Et
1089 3675 1146 3749 ut,
1162 3656 1338 3729 nobilitati
1352 3681 1422 3727 snae

253 3759 256 3769 ¹
347 3777 385 3847 in
412 3777 581 3850 omnibus
598 3779 843 3878 responderet,
870 3778 1033 3850 aecclesiae
1059 3801 1130 3848 suae
1154 3774 1246 3848 filios
1268 3772 1415 3846 studiis*

347 3892 551 3967 liberalibus
568 3895 742 3968 instruere
760 3897 892 3970 utiliter
910 3894 1099 3992 quaerebat.

384 4085 401 4120 *
413 4084 469 4150 De,
483 4087 496 4138 l
503 4124 511 4151 ,
524 4086 552 4138 in
564 4085 668 4138 abscisa.

384 4167 417 4206 *l*
435 4169 486 4223 rim
501 4168 628 4223 abscisum.

387 4256 396 4285 ¹
415 4253 516 4308 studuit
527 4274 591 4307 corr.
604 4253 715 4309 studiis·
