<?xml version="1.0" encoding="UTF-8"?>
<!DOCTYPE html PUBLIC "-//W3C//DTD XHTML 1.0 Transitional//EN"
    "http://www.w3.org/TR/xhtml1/DTD/xhtml1-transitional.dtd">
<html xmlns="http://www.w3.org/1999/xhtml" xml:lang="en" lang="en">
 <head>
  <title>
</title>
<meta http-equiv="Content-Type" content="text/html;charset=utf-8" />
  <meta name='ocr-system' content='tesseract 3.04.00' />
  <meta name='ocr-capabilities' content='ocr_page ocr_carea ocr_par ocr_line ocrx_word'/>
</head>
<body>
  <div class='ocr_page' id='page_1' title='image "./richerhistoired01parigoog_0058.png"; bbox 0 0 3308 5286; ppageno 0'>
   <div class='ocr_carea' id='block_1_1' title="bbox 335 480 1303 762">
    <p class='ocr_par' dir='ltr' id='par_1_1' title="bbox 335 480 1303 762">
     <span class='ocr_line' id='line_1_1' title="bbox 335 480 1053 542; baseline -0.001 -2"><span class='ocrx_word' id='word_1_1' title='bbox 335 480 375 540; x_wconf 57' lang='grc' dir='ltr'><strong>’ᾖ</strong></span> <span class='ocrx_word' id='word_1_2' title='bbox 699 480 867 542; x_wconf 77' lang='lat' dir='ltr'><strong>lllCHElll</strong></span> <span class='ocrx_word' id='word_1_3' title='bbox 890 481 966 542; x_wconf 88' lang='lat' dir='ltr'><strong>LlB.</strong></span> <span class='ocrx_word' id='word_1_4' title='bbox 990 481 1053 540; x_wconf 81' lang='lat' dir='ltr'><strong>lll:</strong></span> 
     </span>
     <span class='ocr_line' id='line_1_2' title="bbox 501 585 1303 762; baseline 0.002 -39"><span class='ocrx_word' id='word_1_5' title='bbox 501 671 788 762; x_wconf 74' lang='lat' dir='ltr'><strong>XXXY111.-De*</strong></span> <span class='ocrx_word' id='word_1_6' title='bbox 804 585 938 744; x_wconf 79' lang='lat' dir='ltr'><strong>supellluo</strong></span> <span class='ocrx_word' id='word_1_7' title='bbox 952 673 969 709; x_wconf 78' lang='lat'>*</span> <span class='ocrx_word' id='word_1_8' title='bbox 984 673 1124 727; x_wconf 77' lang='lat' dir='ltr'><strong>vestium*</strong></span> <span class='ocrx_word' id='word_1_9' title='bbox 1142 675 1239 726; x_wconf 88' lang='lat' dir='ltr'><strong>colore.</strong></span> <span class='ocrx_word' id='word_1_10' title='bbox 1298 678 1303 688; x_wconf 92' lang='lat'>&#39;</span> 
     </span>
    </p>
   </div>
   <div class='ocr_carea' id='block_1_2' title="bbox 247 826 1440 1744">
    <p class='ocr_par' dir='ltr' id='par_1_2' title="bbox 247 826 1440 1744">
     <span class='ocr_line' id='line_1_3' title="bbox 345 826 1412 916; baseline 0.007 -23"><span class='ocrx_word' id='word_1_11' title='bbox 345 887 349 894; x_wconf 90' lang='lat'>.</span> <span class='ocrx_word' id='word_1_12' title='bbox 385 854 404 894; x_wconf 78' lang='lat' dir='ltr'><strong>a</strong></span> <span class='ocrx_word' id='word_1_13' title='bbox 429 826 526 916; x_wconf 90' lang='lat' dir='ltr'>Quid</span> <span class='ocrx_word' id='word_1_14' title='bbox 547 851 636 899; x_wconf 86' lang='lat' dir='ltr'><strong>vero</strong></span> <span class='ocrx_word' id='word_1_15' title='bbox 656 828 703 900; x_wconf 92' lang='lat' dir='ltr'><strong>de</strong></span> <span class='ocrx_word' id='word_1_16' title='bbox 725 827 849 916; x_wconf 83' lang='lat' dir='ltr'><strong>colore</strong></span> <span class='ocrx_word' id='word_1_17' title='bbox 870 828 1046 902; x_wconf 74' lang='lat' dir='ltr'><strong>vestium?</strong></span> <span class='ocrx_word' id='word_1_18' title='bbox 1066 828 1170 901; x_wconf 89' lang='lat' dir='ltr'><strong>Unde</strong></span> <span class='ocrx_word' id='word_1_19' title='bbox 1185 842 1327 900; x_wconf 74' lang='lat' dir='ltr'><strong>tannim</strong></span> <span class='ocrx_word' id='word_1_20' title='bbox 1350 829 1412 902; x_wconf 86' lang='lat' dir='ltr'><strong>de·</strong></span> 
     </span>
     <span class='ocr_line' id='line_1_4' title="bbox 336 943 1413 1044; baseline 0.006 -33"><span class='ocrx_word' id='word_1_21' title='bbox 336 972 353 1010; x_wconf 86' lang='lat'><strong><em>«</em></strong></span> <span class='ocrx_word' id='word_1_22' title='bbox 375 944 470 1042; x_wconf 83' lang='lat' dir='ltr'><strong>cepti</strong></span> <span class='ocrx_word' id='word_1_23' title='bbox 494 958 599 1034; x_wconf 89' lang='lat' dir='ltr'><strong>sunt,</strong></span> <span class='ocrx_word' id='word_1_24' title='bbox 628 958 669 1015; x_wconf 94' lang='lat' dir='ltr'><strong>ut</strong></span> <span class='ocrx_word' id='word_1_25' title='bbox 695 943 875 1042; x_wconf 76' lang='lat' dir='ltr'><strong>dignitatis</strong></span> <span class='ocrx_word' id='word_1_26' title='bbox 903 946 1028 1017; x_wconf 80' lang='lat' dir='ltr'><strong>mer-ita</strong></span> <span class='ocrx_word' id='word_1_27' title='bbox 1057 944 1238 1017; x_wconf 86' lang='lat' dir='ltr'><strong>coloribus</strong></span> <span class='ocrx_word' id='word_1_28' title='bbox 1270 969 1413 1044; x_wconf 87' lang='lat' dir='ltr'><strong>compa·</strong></span> 
     </span>
     <span class='ocr_line' id='line_1_5' title="bbox 335 1057 1411 1160; baseline 0.007 -33"><span class='ocrx_word' id='word_1_29' title='bbox 335 1089 353 1126; x_wconf 75' lang='lat' dir='ltr'><strong>a</strong></span> <span class='ocrx_word' id='word_1_30' title='bbox 375 1075 467 1132; x_wconf 90' lang='lat' dir='ltr'><strong>rent.</strong></span> <span class='ocrx_word' id='word_1_31' title='bbox 484 1057 678 1132; x_wconf 62' lang='lat' dir='ltr'><strong>‘Namnisi</strong></span> <span class='ocrx_word' id='word_1_32' title='bbox 700 1062 825 1133; x_wconf 88' lang='lat' dir='ltr'><strong>tunica</strong></span> <span class='ocrx_word' id='word_1_33' title='bbox 851 1063 953 1160; x_wconf 88' lang='lat' dir='ltr'><strong>nigro</strong></span> <span class='ocrx_word' id='word_1_34' title='bbox 978 1060 1101 1136; x_wconf 85' lang='lat' dir='ltr'><strong>colore</strong></span> <span class='ocrx_word' id='word_1_35' title='bbox 1121 1061 1266 1153; x_wconf 83' lang='lat' dir='ltr'><strong>deceat,</strong></span> <span class='ocrx_word' id='word_1_36' title='bbox 1291 1086 1334 1134; x_wconf 89' lang='lat' dir='ltr'><strong>ea</strong></span> <span class='ocrx_word' id='word_1_37' title='bbox 1358 1062 1411 1134; x_wconf 90' lang='lat' dir='ltr'><strong>iu·</strong></span> 
     </span>
     <span class='ocr_line' id='line_1_6' title="bbox 335 1175 1412 1277; baseline 0.005 -33"><span class='ocrx_word' id='word_1_38' title='bbox 335 1203 353 1244; x_wconf 76' lang='lat' dir='ltr'><strong>a</strong></span> <span class='ocrx_word' id='word_1_39' title='bbox 376 1175 440 1248; x_wconf 93' lang='lat' dir='ltr'><strong>dui</strong></span> <span class='ocrx_word' id='word_1_40' title='bbox 462 1177 563 1250; x_wconf 89' lang='lat' dir='ltr'><strong>nullo</strong></span> <span class='ocrx_word' id='word_1_41' title='bbox 587 1177 699 1249; x_wconf 92' lang='lat' dir='ltr'><strong>modo</strong></span> <span class='ocrx_word' id='word_1_42' title='bbox 720 1177 848 1277; x_wconf 91' lang='lat' dir='ltr'><strong>placet.</strong></span> <span class='ocrx_word' id='word_1_43' title='bbox 877 1178 985 1267; x_wconf 89' lang='lat' dir='ltr'><strong>Quod</strong></span> <span class='ocrx_word' id='word_1_44' title='bbox 1006 1179 1036 1250; x_wconf 90' lang='lat' dir='ltr'><strong>si</strong></span> <span class='ocrx_word' id='word_1_45' title='bbox 1058 1175 1166 1250; x_wconf 87' lang='lat' dir='ltr'><strong>etiam</strong></span> <span class='ocrx_word' id='word_1_46' title='bbox 1188 1179 1290 1276; x_wconf 88' lang='lat' dir='ltr'><strong>nigro</strong></span> <span class='ocrx_word' id='word_1_47' title='bbox 1311 1177 1412 1250; x_wconf 91' lang='lat' dir='ltr'><strong>albus</strong></span> 
     </span>
     <span class='ocr_line' id='line_1_7' title="bbox 335 1292 1412 1394; baseline 0.006 -34"><span class='ocrx_word' id='word_1_48' title='bbox 335 1322 353 1362; x_wconf 77' lang='lat' dir='ltr'><strong>a</strong></span> <span class='ocrx_word' id='word_1_49' title='bbox 375 1292 530 1367; x_wconf 86' lang='lat' dir='ltr'><strong>laneficii</strong></span> <span class='ocrx_word' id='word_1_50' title='bbox 553 1320 671 1394; x_wconf 87' lang='lat' dir='ltr'><strong>opere·</strong></span> <span class='ocrx_word' id='word_1_51' title='bbox 686 1297 911 1368; x_wconf 87' lang='lat' dir='ltr'><strong>intermixtus</strong></span> <span class='ocrx_word' id='word_1_52' title='bbox 930 1298 986 1390; x_wconf 85' lang='lat' dir='ltr'><strong>sit,</strong></span> <span class='ocrx_word' id='word_1_53' title='bbox 1001 1295 1061 1368; x_wconf 88' lang='lat' dir='ltr'><strong>hic</strong></span> <span class='ocrx_word' id='word_1_54' title='bbox 1080 1321 1225 1394; x_wconf 90' lang='lat' dir='ltr'><strong>quoque</strong></span> <span class='ocrx_word' id='word_1_55' title='bbox 1243 1295 1322 1368; x_wconf 84' lang='lat' dir='ltr'><strong>talis</strong></span> <span class='ocrx_word' id='word_1_56' title='bbox 1338 1321 1412 1368; x_wconf 91' lang='lat' dir='ltr'><strong>ves·</strong></span> 
     </span>
     <span class='ocr_line' id='line_1_8' title="bbox 335 1411 1440 1512; baseline 0.007 -35"><span class='ocrx_word' id='word_1_57' title='bbox 335 1426 449 1483; x_wconf 88' lang='lat' dir='ltr'><strong>«tem</strong></span> <span class='ocrx_word' id='word_1_58' title='bbox 476 1411 653 1508; x_wconf 87' lang='lat' dir='ltr'><strong>abjectam</strong></span> <span class='ocrx_word' id='word_1_59' title='bbox 683 1412 777 1484; x_wconf 89' lang='lat' dir='ltr'><strong>facit.</strong></span> <span class='ocrx_word' id='word_1_60' title='bbox 808 1412 938 1485; x_wconf 86' lang='lat' dir='ltr'><strong>Fulvus</strong></span> <span class='ocrx_word' id='word_1_61' title='bbox 965 1439 1111 1512; x_wconf 90' lang='lat' dir='ltr'><strong>quoque</strong></span> <span class='ocrx_word' id='word_1_62' title='bbox 1142 1413 1317 1510; x_wconf 76' lang='lat' dir='ltr'><strong>abjicitur.</strong></span> <span class='ocrx_word' id='word_1_63' title='bbox 1340 1416 1440 1485; x_wconf 81' lang='lat' dir='ltr'><strong>Nec&#39;·</strong></span> 
     </span>
     <span class='ocr_line' id='line_1_9' title="bbox 247 1526 1413 1625; baseline 0.006 -32"><span class='ocrx_word' id='word_1_64' title='bbox 247 1530 249 1538; x_wconf 77' lang='grc'>’</span> <span class='ocrx_word' id='word_1_65' title='bbox 335 1556 353 1594; x_wconf 75' lang='lat' dir='ltr'><strong>a</strong></span> <span class='ocrx_word' id='word_1_66' title='bbox 374 1529 493 1599; x_wconf 91' lang='lat' dir='ltr'><strong>minus</strong></span> <span class='ocrx_word' id='word_1_67' title='bbox 514 1529 615 1625; x_wconf 86' lang='lat' dir='ltr'><strong>niger</strong></span> <span class='ocrx_word' id='word_1_68' title='bbox 633 1526 792 1622; x_wconf 79' lang='lat' dir='ltr'><strong>nativus,</strong></span> <span class='ocrx_word' id='word_1_69' title='bbox 817 1554 893 1601; x_wconf 92' lang='lat' dir='ltr'><strong>non</strong></span> <span class='ocrx_word' id='word_1_70' title='bbox 911 1529 1058 1622; x_wconf 83' lang='lat' dir='ltr'><strong>suffieit,</strong></span> <span class='ocrx_word' id='word_1_71' title='bbox 1085 1531 1153 1602; x_wconf 90' lang='lat' dir='ltr'><strong>nisi</strong></span> <span class='ocrx_word' id='word_1_72' title='bbox 1181 1530 1288 1602; x_wconf 89' lang='lat' dir='ltr'><strong>etiam</strong></span> <span class='ocrx_word' id='word_1_73' title='bbox 1310 1529 1413 1600; x_wconf 88' lang='lat' dir='ltr'><strong>corti·</strong></span> 
     </span>
     <span class='ocr_line' id='line_1_10' title="bbox 334 1641 1322 1744; baseline 0.003 -32"><span class='ocrx_word' id='word_1_74' title='bbox 334 1673 352 1712; x_wconf 84' lang='lat'>«</span> <span class='ocrx_word' id='word_1_75' title='bbox 373 1670 458 1716; x_wconf 92' lang='lat' dir='ltr'><strong>cum</strong></span> <span class='ocrx_word' id='word_1_76' title='bbox 479 1643 657 1717; x_wconf 81' lang='lat' dir='ltr'><strong>inficiatur</strong></span> <span class='ocrx_word' id='word_1_77' title='bbox 674 1647 800 1718; x_wconf 90' lang='lat' dir='ltr'><strong>succis.</strong></span> <span class='ocrx_word' id='word_1_78' title='bbox 823 1652 936 1744; x_wconf 83' lang='lat' dir='ltr'><strong>Atque</strong></span> <span class='ocrx_word' id='word_1_79' title='bbox 953 1645 1029 1719; x_wconf 86' lang='lat' dir='ltr'><strong>haec</strong></span> <span class='ocrx_word' id='word_1_80' title='bbox 1047 1646 1093 1718; x_wconf 90' lang='lat' dir='ltr'><strong>de</strong></span> <span class='ocrx_word' id='word_1_81' title='bbox 1110 1641 1278 1717; x_wconf 83' lang='lat' dir='ltr'><strong>vestibus.</strong></span> <span class='ocrx_word' id='word_1_82' title='bbox 1305 1673 1322 1710; x_wconf 83' lang='lat' dir='ltr'><strong>u</strong></span> 
     </span>
    </p>
   </div>
   <div class='ocr_carea' id='block_1_3' title="bbox 461 1845 1277 1920">
    <p class='ocr_par' dir='ltr' id='par_1_3' title="bbox 461 1845 1277 1920">
     <span class='ocr_line' id='line_1_11' title="bbox 461 1845 1277 1920; baseline -0.004 -18"><span class='ocrx_word' id='word_1_83' title='bbox 461 1849 592 1902; x_wconf 87' lang='lat' dir='ltr'>XXXIX.</span> <span class='ocrx_word' id='word_1_84' title='bbox 609 1878 646 1920; x_wconf 70' lang='lat'><strong>-3</strong></span> <span class='ocrx_word' id='word_1_85' title='bbox 658 1850 698 1901; x_wconf 89' lang='lat' dir='ltr'><strong>De</strong></span> <span class='ocrx_word' id='word_1_86' title='bbox 709 1849 743 1884; x_wconf 53' lang='grc' dir='ltr'><strong>ἢ</strong></span> <span class='ocrx_word' id='word_1_87' title='bbox 759 1847 1032 1903; x_wconf 54' lang='lat' dir='ltr'><strong>calciamentorum*</strong></span> <span class='ocrx_word' id='word_1_88' title='bbox 1043 1846 1222 1920; x_wconf 82' lang='lat' dir='ltr'><strong>superfluitate</strong></span> <span class='ocrx_word' id='word_1_89' title='bbox 1234 1845 1277 1898; x_wconf 76' lang='lat'><strong>**.</strong></span> 
     </span>
    </p>
   </div>
   <div class='ocr_carea' id='block_1_4' title="bbox 335 1989 1480 2786">
    <p class='ocr_par' dir='ltr' id='par_1_4' title="bbox 335 1989 1480 2786">
     <span class='ocr_line' id='line_1_12' title="bbox 384 1989 1412 2087; baseline 0.005 -30"><span class='ocrx_word' id='word_1_90' title='bbox 384 2019 402 2058; x_wconf 79' lang='lat' dir='ltr'><strong>a</strong></span> <span class='ocrx_word' id='word_1_91' title='bbox 423 1993 477 2061; x_wconf 88' lang='lat' dir='ltr'><strong>De</strong></span> <span class='ocrx_word' id='word_1_92' title='bbox 498 1989 818 2063; x_wconf 82' lang='lat' dir='ltr'><strong>calciamentorum</strong></span> <span class='ocrx_word' id='word_1_93' title='bbox 840 2015 927 2060; x_wconf 89' lang='lat' dir='ltr'><strong>vero</strong></span> <span class='ocrx_word' id='word_1_94' title='bbox 950 1990 1194 2087; x_wconf 86' lang='lat' dir='ltr'><strong>superfluitate</strong></span> <span class='ocrx_word' id='word_1_95' title='bbox 1216 1990 1305 2086; x_wconf 93' lang='lat' dir='ltr'><strong>quid</strong></span> <span class='ocrx_word' id='word_1_96' title='bbox 1327 1991 1412 2062; x_wconf 86' lang='lat' dir='ltr'><strong>refe-</strong></span> 
     </span>
     <span class='ocr_line' id='line_1_13' title="bbox 335 2104 1413 2194; baseline 0.005 -21"><span class='ocrx_word' id='word_1_97' title='bbox 335 2136 352 2173; x_wconf 84' lang='lat'>«</span> <span class='ocrx_word' id='word_1_98' title='bbox 374 2106 476 2176; x_wconf 83' lang='lat' dir='ltr'><strong>ram?</strong></span> <span class='ocrx_word' id='word_1_99' title='bbox 502 2110 655 2176; x_wconf 87' lang='lat' dir='ltr'><strong>Tantum</strong></span> <span class='ocrx_word' id='word_1_100' title='bbox 680 2105 834 2176; x_wconf 92' lang='lat' dir='ltr'><strong>enimin</strong></span> <span class='ocrx_word' id='word_1_101' title='bbox 857 2104 913 2174; x_wconf 93' lang='lat' dir='ltr'><strong>his</strong></span> <span class='ocrx_word' id='word_1_102' title='bbox 947 2106 1154 2194; x_wconf 89' lang='lat' dir='ltr'><strong>insaniunt,</strong></span> <span class='ocrx_word' id='word_1_103' title='bbox 1189 2120 1228 2176; x_wconf 92' lang='lat' dir='ltr'><strong>ut</strong></span> <span class='ocrx_word' id='word_1_104' title='bbox 1254 2110 1413 2179; x_wconf 88' lang='lat' dir='ltr'><strong>commo·</strong></span> 
     </span>
     <span class='ocr_line' id='line_1_14' title="bbox 335 2210 1413 2320; baseline 0.005 -31"><span class='ocrx_word' id='word_1_105' title='bbox 335 2251 352 2290; x_wconf 78' lang='lat' dir='ltr'><strong>a</strong></span> <span class='ocrx_word' id='word_1_106' title='bbox 374 2222 522 2293; x_wconf 89' lang='lat' dir='ltr'><strong>ditatem</strong></span> <span class='ocrx_word' id='word_1_107' title='bbox 545 2210 830 2319; x_wconf 88' lang='lat' dir='ltr'><strong>sibi-plurimam</strong></span> <span class='ocrx_word' id='word_1_108' title='bbox 848 2244 974 2320; x_wconf 90' lang='lat' dir='ltr'><strong>perca</strong></span> <span class='ocrx_word' id='word_1_109' title='bbox 993 2223 1164 2294; x_wconf 85' lang='lat' dir='ltr'><strong>auferant.</strong></span> <span class='ocrx_word' id='word_1_110' title='bbox 1188 2225 1239 2293; x_wconf 89' lang='lat' dir='ltr'><strong>Ea</strong></span> <span class='ocrx_word' id='word_1_111' title='bbox 1256 2224 1353 2294; x_wconf 88' lang='lat' dir='ltr'><strong>enim</strong></span> <span class='ocrx_word' id='word_1_112' title='bbox 1364 2225 1413 2294; x_wconf 91' lang='lat' dir='ltr'><strong>sic</strong></span> 
     </span>
     <span class='ocr_line' id='line_1_15' title="bbox 335 2337 1414 2438; baseline 0.004 -32"><span class='ocrx_word' id='word_1_113' title='bbox 335 2355 450 2411; x_wconf 80' lang='lat' dir='ltr'><strong>«arta</strong></span> <span class='ocrx_word' id='word_1_114' title='bbox 470 2337 646 2429; x_wconf 89' lang='lat' dir='ltr'><strong>induunt,</strong></span> <span class='ocrx_word' id='word_1_115' title='bbox 671 2353 711 2408; x_wconf 92' lang='lat' dir='ltr'><strong>ut</strong></span> <span class='ocrx_word' id='word_1_116' title='bbox 732 2339 864 2438; x_wconf 87' lang='lat' dir='ltr'><strong>cippati</strong></span> <span class='ocrx_word' id='word_1_117' title='bbox 887 2363 980 2436; x_wconf 92' lang='lat' dir='ltr'><strong>pene</strong></span> <span class='ocrx_word' id='word_1_118' title='bbox 1003 2337 1255 2436; x_wconf 85' lang='lat' dir='ltr'><strong>impediantur.</strong></span> <span class='ocrx_word' id='word_1_119' title='bbox 1277 2343 1318 2409; x_wconf 91' lang='lat' dir='ltr'><strong>ln</strong></span> <span class='ocrx_word' id='word_1_120' title='bbox 1340 2339 1414 2435; x_wconf 91' lang='lat' dir='ltr'><strong>qui·</strong></span> 
     </span>
     <span class='ocr_line' id='line_1_16' title="bbox 336 2453 1451 2555; baseline 0.002 -31"><span class='ocrx_word' id='word_1_121' title='bbox 336 2486 353 2525; x_wconf 79' lang='lat' dir='ltr'><strong>a</strong></span> <span class='ocrx_word' id='word_1_122' title='bbox 375 2455 444 2528; x_wconf 91' lang='lat' dir='ltr'><strong>bus</strong></span> <span class='ocrx_word' id='word_1_123' title='bbox 461 2455 569 2527; x_wconf 88' lang='lat' dir='ltr'><strong>etiam</strong></span> <span class='ocrx_word' id='word_1_124' title='bbox 588 2469 702 2526; x_wconf 91' lang='lat' dir='ltr'><strong>rostra</strong></span> <span class='ocrx_word' id='word_1_125' title='bbox 720 2469 968 2555; x_wconf 90' lang='lat' dir='ltr'><strong>componunt;</strong></span> <span class='ocrx_word' id='word_1_126' title='bbox 995 2479 1099 2526; x_wconf 89' lang='lat' dir='ltr'><strong>aures</strong></span> <span class='ocrx_word' id='word_1_127' title='bbox 1121 2453 1207 2525; x_wconf 89' lang='lat' dir='ltr'><strong>hine</strong></span> <span class='ocrx_word' id='word_1_128' title='bbox 1237 2454 1323 2526; x_wconf 90' lang='lat' dir='ltr'><strong>inde</strong></span> <span class='ocrx_word' id='word_1_129' title='bbox 1350 2455 1414 2526; x_wconf 92' lang='lat' dir='ltr'><strong>eri·</strong></span> <span class='ocrx_word' id='word_1_130' title='bbox 1446 2510 1451 2518; x_wconf 87' lang='lat'>.</span> 
     </span>
     <span class='ocr_line' id='line_1_17' title="bbox 335 2568 1480 2672; baseline 0.002 -31"><span class='ocrx_word' id='word_1_131' title='bbox 335 2603 352 2642; x_wconf 77' lang='lat' dir='ltr'><strong>a</strong></span> <span class='ocrx_word' id='word_1_132' title='bbox 375 2588 480 2672; x_wconf 83' lang='lat' dir='ltr'><strong>gunt3</strong></span> <span class='ocrx_word' id='word_1_133' title='bbox 501 2587 538 2644; x_wconf 88' lang='lat' dir='ltr'><strong>et</strong></span> <span class='ocrx_word' id='word_1_134' title='bbox 555 2596 601 2643; x_wconf 90' lang='lat' dir='ltr'><strong>ne</strong></span> <span class='ocrx_word' id='word_1_135' title='bbox 624 2569 771 2644; x_wconf 86' lang='lat' dir='ltr'><strong>folleant</strong></span> <span class='ocrx_word' id='word_1_136' title='bbox 791 2595 922 2668; x_wconf 89' lang='lat' dir='ltr'><strong>magno</strong></span> <span class='ocrx_word' id='word_1_137' title='bbox 949 2595 1058 2669; x_wconf 91' lang='lat' dir='ltr'><strong>opere</strong></span> <span class='ocrx_word' id='word_1_138' title='bbox 1076 2568 1274 2641; x_wconf 87' lang='lat' dir='ltr'><strong>elaborant.</strong></span> <span class='ocrx_word' id='word_1_139' title='bbox 1296 2573 1344 2642; x_wconf 90' lang='lat' dir='ltr'><strong>Ut</strong></span> <span class='ocrx_word' id='word_1_140' title='bbox 1364 2570 1414 2643; x_wconf 94' lang='lat' dir='ltr'><strong>lu·</strong></span> <span class='ocrx_word' id='word_1_141' title='bbox 1474 2631 1480 2642; x_wconf 95' lang='lat'>.</span> 
     </span>
     <span class='ocr_line' id='line_1_18' title="bbox 337 2685 1240 2786; baseline -0.009 -26"><span class='ocrx_word' id='word_1_142' title='bbox 337 2721 355 2760; x_wconf 75' lang='lat' dir='ltr'><strong>a</strong></span> <span class='ocrx_word' id='word_1_143' title='bbox 376 2705 480 2762; x_wconf 89' lang='lat' dir='ltr'><strong>ceant</strong></span> <span class='ocrx_word' id='word_1_144' title='bbox 497 2713 663 2786; x_wconf 82' lang='lat' dir='ltr'><strong>quoque,</strong></span> <span class='ocrx_word' id='word_1_145' title='bbox 685 2687 826 2759; x_wconf 87' lang='lat' dir='ltr'><strong>famulis</strong></span> <span class='ocrx_word' id='word_1_146' title='bbox 844 2687 996 2759; x_wconf 86' lang='lat' dir='ltr'><strong>consciis</strong></span> <span class='ocrx_word' id='word_1_147' title='bbox 1018 2685 1194 2756; x_wconf 87' lang='lat' dir='ltr'><strong>indicunt.</strong></span> <span class='ocrx_word' id='word_1_148' title='bbox 1222 2714 1240 2752; x_wconf 77' lang='lat' dir='ltr'><strong>n</strong></span> 
     </span>
    </p>
   </div>
   <div class='ocr_carea' id='block_1_5' title="bbox 511 2888 1231 2961">
    <p class='ocr_par' dir='ltr' id='par_1_5' title="bbox 511 2888 1231 2961">
     <span class='ocr_line' id='line_1_19' title="bbox 511 2888 1231 2961; baseline -0.007 -16"><span class='ocrx_word' id='word_1_149' title='bbox 511 2893 570 2946; x_wconf 90' lang='lat' dir='ltr'><strong>XL.</strong></span> <span class='ocrx_word' id='word_1_150' title='bbox 586 2893 669 2943; x_wconf 86' lang='lat' dir='ltr'><strong>—De</strong></span> <span class='ocrx_word' id='word_1_151' title='bbox 681 2889 732 2926; x_wconf 58' lang='grc' dir='ltr'><strong>Η*</strong></span> <span class='ocrx_word' id='word_1_152' title='bbox 744 2890 831 2943; x_wconf 88' lang='lat' dir='ltr'><strong>linteis</strong></span> <span class='ocrx_word' id='word_1_153' title='bbox 842 2903 869 2942; x_wconf 89' lang='lat' dir='ltr'><strong>et</strong></span> <span class='ocrx_word' id='word_1_154' title='bbox 884 2891 1009 2961; x_wconf 81' lang='lat' dir='ltr'><strong>operibus</strong></span> <span class='ocrx_word' id='word_1_155' title='bbox 1018 2889 1069 2926; x_wconf 46' lang='grc' dir='ltr'><strong>*ἦ*</strong></span> <span class='ocrx_word' id='word_1_156' title='bbox 1084 2888 1231 2960; x_wconf 83' lang='lat' dir='ltr'><strong>superfluis.</strong></span> 
     </span>
    </p>
   </div>
   <div class='ocr_carea' id='block_1_6' title="bbox 339 3037 1417 3959">
    <p class='ocr_par' dir='ltr' id='par_1_6' title="bbox 339 3037 1417 3960">
     <span class='ocr_line' id='line_1_20' title="bbox 387 3037 1414 3141; baseline -0.003 -29"><span class='ocrx_word' id='word_1_157' title='bbox 387 3074 405 3112; x_wconf 84' lang='lat' dir='ltr'><strong>t&lt;</strong></span> <span class='ocrx_word' id='word_1_158' title='bbox 431 3048 485 3116; x_wconf 82' lang='lat' dir='ltr'><strong>An</strong></span> <span class='ocrx_word' id='word_1_159' title='bbox 504 3045 614 3116; x_wconf 89' lang='lat' dir='ltr'><strong>lintea</strong></span> <span class='ocrx_word' id='word_1_160' title='bbox 640 3066 792 3141; x_wconf 87' lang='lat' dir='ltr'><strong>operosa</strong></span> <span class='ocrx_word' id='word_1_161' title='bbox 815 3055 922 3138; x_wconf 88' lang='lat' dir='ltr'><strong>atque</strong></span> <span class='ocrx_word' id='word_1_162' title='bbox 947 3037 1097 3138; x_wconf 89' lang='lat' dir='ltr'><strong>pellicea</strong></span> <span class='ocrx_word' id='word_1_163' title='bbox 1118 3039 1351 3137; x_wconf 39' lang='lat' dir='ltr'><strong>operimenta,</strong></span> <span class='ocrx_word' id='word_1_164' title='bbox 1368 3039 1414 3109; x_wconf 90' lang='lat' dir='ltr'><strong>si·</strong></span> 
     </span>
     <span class='ocr_line' id='line_1_21' title="bbox 339 3154 1415 3257; baseline -0.003 -30"><span class='ocrx_word' id='word_1_165' title='bbox 339 3190 357 3228; x_wconf 74' lang='lat' dir='ltr'><strong>a</strong></span> <span class='ocrx_word' id='word_1_166' title='bbox 378 3160 498 3232; x_wconf 84' lang='lat' dir='ltr'><strong>leam?</strong></span> <span class='ocrx_word' id='word_1_167' title='bbox 520 3163 626 3249; x_wconf 88' lang='lat' dir='ltr'><strong>Cum,</strong></span> <span class='ocrx_word' id='word_1_168' title='bbox 648 3160 813 3257; x_wconf 91' lang='lat' dir='ltr'><strong>inquam,</strong></span> <span class='ocrx_word' id='word_1_169' title='bbox 835 3181 857 3227; x_wconf 90' lang='lat' dir='ltr'><strong>a</strong></span> <span class='ocrx_word' id='word_1_170' title='bbox 874 3155 1069 3252; x_wconf 83' lang='lat' dir='ltr'><strong>majoribus</strong></span> <span class='ocrx_word' id='word_1_171' title='bbox 1087 3155 1284 3232; x_wconf 69' lang='lat' dir='ltr'><strong>clementie</strong></span> <span class='ocrx_word' id='word_1_172' title='bbox 1305 3154 1415 3251; x_wconf 89' lang='lat' dir='ltr'><strong>gratia</strong></span> 
     </span>
     <span class='ocr_line' id='line_1_22' title="bbox 339 3271 1412 3377; baseline -0.002 -32"><span class='ocrx_word' id='word_1_173' title='bbox 339 3306 356 3345; x_wconf 89' lang='lat'><strong><em>«</em></strong></span> <span class='ocrx_word' id='word_1_174' title='bbox 377 3277 536 3377; x_wconf 89' lang='lat' dir='ltr'><strong>prolenis</strong></span> <span class='ocrx_word' id='word_1_175' title='bbox 554 3275 656 3347; x_wconf 90' lang='lat' dir='ltr'><strong>indui</strong></span> <span class='ocrx_word' id='word_1_176' title='bbox 673 3273 827 3374; x_wconf 92' lang='lat' dir='ltr'><strong>pellibus</strong></span> <span class='ocrx_word' id='word_1_177' title='bbox 847 3271 1089 3345; x_wconf 86' lang='lat' dir='ltr'><strong>mediocribus</strong></span> <span class='ocrx_word' id='word_1_178' title='bbox 1115 3297 1325 3344; x_wconf 86' lang='lat' dir='ltr'><strong>concessum</strong></span> <span class='ocrx_word' id='word_1_179' title='bbox 1347 3272 1412 3362; x_wconf 87' lang='lat' dir='ltr'><strong>sit,</strong></span> 
     </span>
     <span class='ocr_line' id='line_1_23' title="bbox 340 3389 1416 3492; baseline 0 -32"><span class='ocrx_word' id='word_1_180' title='bbox 340 3424 357 3461; x_wconf 74' lang='lat' dir='ltr'><strong>a</strong></span> <span class='ocrx_word' id='word_1_181' title='bbox 378 3395 506 3467; x_wconf 87' lang='lat' dir='ltr'><strong>vitium</strong></span> <span class='ocrx_word' id='word_1_182' title='bbox 524 3391 775 3492; x_wconf 86' lang='lat' dir='ltr'><strong>superfluitatis</strong></span> <span class='ocrx_word' id='word_1_183' title='bbox 794 3391 946 3489; x_wconf 88' lang='lat' dir='ltr'><strong>irrepsit.</strong></span> <span class='ocrx_word' id='word_1_184' title='bbox 969 3389 1075 3461; x_wconf 90' lang='lat' dir='ltr'><strong>Unde</strong></span> <span class='ocrx_word' id='word_1_185' title='bbox 1094 3405 1129 3462; x_wconf 90' lang='lat' dir='ltr'><strong>et</strong></span> <span class='ocrx_word' id='word_1_186' title='bbox 1147 3413 1244 3461; x_wconf 93' lang='lat' dir='ltr'><strong>nunc</strong></span> <span class='ocrx_word' id='word_1_187' title='bbox 1262 3389 1416 3488; x_wconf 88' lang='lat' dir='ltr'><strong>peregri-</strong></span> 
     </span>
     <span class='ocr_line' id='line_1_24' title="bbox 339 3506 1417 3609; baseline 0 -32"><span class='ocrx_word' id='word_1_188' title='bbox 339 3540 358 3579; x_wconf 87' lang='lat'>«</span> <span class='ocrx_word' id='word_1_189' title='bbox 379 3512 434 3582; x_wconf 92' lang='lat' dir='ltr'><strong>nis</strong></span> <span class='ocrx_word' id='word_1_190' title='bbox 452 3510 683 3609; x_wconf 88' lang='lat' dir='ltr'><strong>operimentis</strong></span> <span class='ocrx_word' id='word_1_191' title='bbox 700 3507 831 3581; x_wconf 90' lang='lat' dir='ltr'><strong>limbos</strong></span> <span class='ocrx_word' id='word_1_192' title='bbox 848 3507 1025 3607; x_wconf 90' lang='lat' dir='ltr'><strong>bipalmos</strong></span> <span class='ocrx_word' id='word_1_193' title='bbox 1048 3506 1340 3596; x_wconf 86' lang='lat' dir='ltr'><strong>circumducunt,</strong></span> <span class='ocrx_word' id='word_1_194' title='bbox 1351 3569 1354 3574; x_wconf 81' lang='grc'><em>,</em></span> <span class='ocrx_word' id='word_1_195' title='bbox 1366 3521 1417 3577; x_wconf 86' lang='lat' dir='ltr'><strong>at·</strong></span> 
     </span>
     <span class='ocr_line' id='line_1_25' title="bbox 341 3623 1417 3727; baseline -0.002 -31"><span class='ocrx_word' id='word_1_196' title='bbox 341 3655 360 3696; x_wconf 79' lang='lat' dir='ltr'><strong>a</strong></span> <span class='ocrx_word' id='word_1_197' title='bbox 379 3653 451 3726; x_wconf 91' lang='lat' dir='ltr'><strong>que</strong></span> <span class='ocrx_word' id='word_1_198' title='bbox 477 3629 606 3727; x_wconf 91' lang='lat' dir='ltr'><strong>pannis</strong></span> <span class='ocrx_word' id='word_1_199' title='bbox 632 3627 765 3699; x_wconf 88' lang='lat' dir='ltr'><strong>noricis</strong></span> <span class='ocrx_word' id='word_1_200' title='bbox 795 3651 836 3697; x_wconf 91' lang='lat' dir='ltr'><strong>ea</strong></span> <span class='ocrx_word' id='word_1_201' title='bbox 870 3625 1025 3725; x_wconf 90' lang='lat' dir='ltr'><strong>desuper</strong></span> <span class='ocrx_word' id='word_1_202' title='bbox 1056 3623 1252 3721; x_wconf 89' lang='lat' dir='ltr'><strong>duplicant.</strong></span> <span class='ocrx_word' id='word_1_203' title='bbox 1286 3624 1417 3696; x_wconf 82' lang='lat' dir='ltr'><strong>linteis</strong></span> 
     </span>
     <span class='ocr_line' id='line_1_26' title="bbox 342 3727 1417 3843; baseline -0.004 -31"><span class='ocrx_word' id='word_1_204' title='bbox 342 3776 359 3813; x_wconf 73' lang='grc' dir='ltr'><strong>ι(</strong></span> <span class='ocrx_word' id='word_1_205' title='bbox 381 3769 467 3816; x_wconf 87' lang='lat' dir='ltr'><strong>vero</strong></span> <span class='ocrx_word' id='word_1_206' title='bbox 498 3768 565 3843; x_wconf 90' lang='lat' dir='ltr'><strong>pro</strong></span> <span class='ocrx_word' id='word_1_207' title='bbox 589 3742 751 3840; x_wconf 90' lang='lat' dir='ltr'><strong>stragulis</strong></span> <span class='ocrx_word' id='word_1_208' title='bbox 770 3743 917 3814; x_wconf 91' lang='lat' dir='ltr'><strong>minime</strong></span> <span class='ocrx_word' id='word_1_209' title='bbox 935 3743 987 3812; x_wconf 92' lang='lat' dir='ltr'><strong>uti</strong></span> <span class='ocrx_word' id='word_1_210' title='bbox 1000 3727 1210 3813; x_wconf 85' lang='lat' dir='ltr'><strong>eoncessum</strong></span> <span class='ocrx_word' id='word_1_211' title='bbox 1228 3752 1297 3829; x_wconf 90' lang='lat' dir='ltr'><strong>est;</strong></span> <span class='ocrx_word' id='word_1_212' title='bbox 1319 3736 1417 3809; x_wconf 91' lang='lat' dir='ltr'><strong>seda</strong></span> 
     </span>
     <span class='ocr_line' id='line_1_27' title="bbox 342 3854 1417 3959; baseline -0.004 -30"><span class='ocrx_word' id='word_1_213' title='bbox 342 3891 359 3930; x_wconf 78' lang='lat' dir='ltr'><strong>a</strong></span> <span class='ocrx_word' id='word_1_214' title='bbox 382 3859 600 3959; x_wconf 88' lang='lat' dir='ltr'><strong>quibusdam</strong></span> <span class='ocrx_word' id='word_1_215' title='bbox 622 3859 755 3936; x_wconf 78' lang='lat' dir='ltr'><strong>‚minus</strong></span> <span class='ocrx_word' id='word_1_216' title='bbox 786 3858 977 3957; x_wconf 81' lang='lat' dir='ltr'><strong>religiosis,</strong></span> <span class='ocrx_word' id='word_1_217' title='bbox 1004 3858 1136 3930; x_wconf 83' lang='lat' dir='ltr'><strong>caeteris</strong></span> <span class='ocrx_word' id='word_1_218' title='bbox 1165 3855 1353 3956; x_wconf 88' lang='lat' dir='ltr'><strong>superfluis</strong></span> <span class='ocrx_word' id='word_1_219' title='bbox 1378 3854 1417 3926; x_wconf 93' lang='lat' dir='ltr'><strong>id</strong></span> 
     </span>
    </p>
   </div>
   <div class='ocr_carea' id='block_1_7' title="bbox 375 4061 694 4130">
    <p class='ocr_par' dir='ltr' id='par_1_7' title="bbox 375 4061 694 4130">
     <span class='ocr_line' id='line_1_28' title="bbox 375 4061 694 4130; baseline -0.013 -12"><span class='ocrx_word' id='word_1_220' title='bbox 375 4066 391 4100; x_wconf 81' lang='lat'><em>*</em></span> <span class='ocrx_word' id='word_1_221' title='bbox 410 4066 464 4130; x_wconf 86' lang='lat' dir='ltr'><strong>De,</strong></span> <span class='ocrx_word' id='word_1_222' title='bbox 477 4075 576 4130; x_wconf 67' lang='lat' dir='ltr'><strong>mest</strong></span> <span class='ocrx_word' id='word_1_223' title='bbox 589 4061 694 4114; x_wconf 75' lang='lat' dir='ltr'><strong>abscisa.</strong></span> 
     </span>
    </p>
   </div>
   <div class='ocr_carea' id='block_1_8' title="bbox 375 4146 831 4298">
    <p class='ocr_par' dir='ltr' id='par_1_8' title="bbox 375 4146 831 4298">
     <span class='ocr_line' id='line_1_29' title="bbox 375 4146 831 4214; baseline -0.004 -13"><span class='ocrx_word' id='word_1_224' title='bbox 375 4147 409 4184; x_wconf 70' lang='lat'><strong>*¹*</strong></span> <span class='ocrx_word' id='word_1_225' title='bbox 426 4149 466 4200; x_wconf 88' lang='lat' dir='ltr'><strong>De</strong></span> <span class='ocrx_word' id='word_1_226' title='bbox 477 4165 526 4214; x_wconf 87' lang='lat' dir='ltr'><strong>ca,</strong></span> <span class='ocrx_word' id='word_1_227' title='bbox 544 4160 650 4213; x_wconf 82' lang='lat' dir='ltr'><strong>torum,</strong></span> <span class='ocrx_word' id='word_1_228' title='bbox 663 4157 715 4199; x_wconf 79' lang='lat' dir='ltr'><strong>tate</strong></span> <span class='ocrx_word' id='word_1_229' title='bbox 727 4146 831 4199; x_wconf 77' lang='lat' dir='ltr'><strong>abscisa.</strong></span> 
     </span>
     <span class='ocr_line' id='line_1_30' title="bbox 377 4228 785 4298; baseline -0.01 -13"><span class='ocrx_word' id='word_1_230' title='bbox 377 4230 425 4268; x_wconf 50' lang='grc' dir='ltr'><strong>*ἢ</strong></span> <span class='ocrx_word' id='word_1_231' title='bbox 444 4233 484 4284; x_wconf 89' lang='lat' dir='ltr'><strong>De</strong></span> <span class='ocrx_word' id='word_1_232' title='bbox 494 4233 518 4298; x_wconf 90' lang='lat' dir='ltr'><strong>l,</strong></span> <span class='ocrx_word' id='word_1_233' title='bbox 535 4231 573 4283; x_wconf 88' lang='lat' dir='ltr'><strong>bu</strong></span> <span class='ocrx_word' id='word_1_234' title='bbox 584 4231 689 4283; x_wconf 78' lang='lat' dir='ltr'><strong>abscisa.</strong></span> <span class='ocrx_word' id='word_1_235' title='bbox 781 4228 785 4236; x_wconf 69' lang='lat'><strong><em>‘</em></strong></span> 
     </span>
    </p>
   </div>
   <div class='ocr_carea' id='block_1_9' title="bbox 0 0 1668 5286">
    <p class='ocr_par' dir='ltr' id='par_1_9' title="bbox 0 0 1668 5286">
     <span class='ocr_line' id='line_1_31' title="bbox 0 0 1668 5286; baseline 0 0"><span class='ocrx_word' id='word_1_236' title='bbox 0 0 1668 5286; x_wconf 95' lang='lat' dir='ltr'><strong> </strong></span> 
     </span>
    </p>
   </div>
  </div>
 </body>
</html>
