3320 5296
262 598 264 603 ’
337 621 397 680 150
697 618 864 679 arcuum
888 619 965 678 ms.
990 619 1045 679 rv.

335 779 464 826 narum
479 768 515 824 et
526 753 767 825 humanarum
785 779 905 826 rerum
919 754 1067 828 scientia
1085 752 1283 848 excelleret,
1304 769 1413 852 atque

335 872 508 945 facundiae
527 869 732 944 efficacitate
749 871 945 969 plurimum
962 871 1107 942 valeret.
1220 944 1222 950 ,

831 1149 910 1201 VIII.

383 1313 510 1378 Factus
520 1308 638 1403 itaque
653 1331 736 1377 cum
750 1306 841 1378 duce
851 1306 1018 1378 'omnium
1030 1304 1182 1396 medius,
1196 1307 1266 1377 ait:
1287 1335 1305 1374 a
1321 1309 1415 1404 Rege

338 1438 497 1496 «nostro
515 1425 694 1523 piissimo,
715 1424 808 1494 inter
820 1421 1075 1494 intellectibilia
1087 1422 1278 1514 translato,
1294 1425 1415 1521 magni

339 1571 358 1610 a
374 1541 475 1612 ducis
495 1557 769 1638 ceterorumque
789 1541 994 1640 principum
1018 1540 1262 1612 benivolentia
1286 1541 1331 1614 ab
1351 1541 1415 1614 ob-

339 1688 358 1727 «
369 1660 471 1755 jectis
490 1659 740 1757 purgatus,rei
753 1657 904 1757 publicae
922 1658 1149 1760 consulturus
1165 1657 1326 1729 consedi.
1342 1663 1420 1752 Nec·

339 1805 358 1844 «
374 1776 475 1848 sedet
488 1777 627 1867 animo,
648 1792 688 1847 ut
706 1777 900 1873 quicquam
913 1774 986 1876 vnisi
1004 1773 1051 1845 ad
1062 1768 1264 1872 profectum
1277 1775 1329 1846 rei
1346 1800 1414 1872 pu·

339 1923 357 1962 u
374 1894 475 1965 blicae
488 1894 641 1987 edicam.
657 1898 858 1965 Commune
873 1875 1061 1964 consilium
1075 1883 1216 1988 quaero,
1234 1892 1318 1988 quia
1336 1917 1414 1962 om-

341 2040 359 2080 «
375 2010 482 2083 nibus
499 2011 671 2110 prodesse
690 2011 810 2109 cupio.
828 2013 919 2079 Cum
937 2007 1079 2080 videam
1093 2034 1168 2079 non
1183 2033 1308 2080 omnes
1322 2010 1418 2107 prin·

341 2124 474 2222 «cipes
487 2122 625 2214 adesse,
640 2145 796 2220 quorum
809 2144 955 2218 quoque
975 2118 1167 2217 prudentia
1180 2134 1216 2190 et
1235 2105 1417 2218 diligentia

341 2266 432 2312 «res
449 2241 555 2337 regni'
571 2239 811 2311 administrari
827 2236 988 2325 valeant,
1004 2237 1095 2306 ratio
1114 2235 1289 2333 querendi
1309 2235 1414 2332 regis,

341 2389 359 2428 u
376 2371 416 2430 ut
429 2358 518 2430 mihi
526 2357 684 2448 ¹videtur,
700 2357 747 2428 ad
760 2372 902 2453 tempus
920 2353 1117 2427 differenda
1137 2368 1202 2444 est,
1215 2369 1267 2444 ut,
1284 2368 1416 2425 statuto

341 2507 359 2546 ι(
376 2492 606 2576 tempore,·et
615 2500 747 2548 omnes
759 2475 797 2546 in
810 2499 926 2546 unum
940 2473 1137 2574 confluant,
1151 2488 1187 2543 et
1196 2473 1419 2568 uniuscujus-

334 2605 359 2663 ἀ
376 2619 448 2692 quc
465 2593 557 2665 ratio
576 2590 718 2663 elimata
736 2592 822 2695 etin
840 2590 1001 2661 medium
1018 2589 1158 2687 prolata
1171 2615 1273 2664 suam
1284 2588 1419 2661 utilita-

342 2740 361 2779 «
375 2727 450 2783 tem
468 2707 731 2802 accommodet.
755 2706 860 2778 Unde
880 2722 916 2778 et
928 2706 1051 2797 vobis,
1068 2708 1131 2804 qui
1147 2706 1207 2778 hic
1221 2707 1418 2778 consulturi

341 2857 359 2896 u
376 2827 526 2917 adestis,
543 2824 682 2924 placeat
697 2848 763 2895 vos
782 2847 926 2893 mecum
940 2848 1072 2918 magno
1092 2817 1176 2893 duci
1194 2839 1416 2895 sacramento

339 2975 357 3013 α
374 2943 522 3040 alligari,
537 2957 572 3013 et
583 2965 705 3012 coram
719 2939 898 3038 spondere
911 2939 958 3010 de
970 2940 1134 3037 principe
1148 2939 1337 3011 statuendo
1351 2966 1417 3013 vos

340 3089 358 3129 «
374 3059 466 3131 nihil
482 3059 703 3157 quesiturOS,
719 3045 809 3128 nihil
821 3055 1028 3148 molituros,
1044 3056 1162 3127 donec
1175 3057 1213 3126 in
1227 3056 1346 3128 'unum
1363 3082 1418 3128 re·

339 3205 359 3245 n
375 3160 544 3268 deamus,
567 3189 603 3246 et
623 3175 673 3246 sic
685 3167 738 3245 'de
754 3173 924 3246 habendo
946 3174 1109 3272 principe
1127 3174 1311 3270 agitemus.
1323 3218 1325 3224 ¹
1339 3172 1418 3244 Plu·

342 3317 363 3360 «
377 3293 510 3365 nimum
529 3283 626 3363 enim
639 3291 732 3389 valet
752 3289 1001 3366 deliberationi
1021 3290 1099 3361 dari
1112 3291 1267 3390 spatium
1281 3306 1418 3390 tempo·

316 3467 317 3478 ,
341 3442 359 3480 «
375 3411 442 3502 ris3
463 3413 500 3482 in
520 3435 593 3509 quo
612 3431 877 3508 quamcumque
900 3433 978 3478 rem
993 3409 1150 3505 quisque
1170 3399 1353 3498 discutiat,
1382 3424 1417 3480 et

322 3533 323 3540 ’
340 3558 358 3598 «
375 3528 570 3600 discussam
583 3526 696 3618 multa
710 3524 891 3622 diligentia
903 3525 1026 3624 poliat.
1049 3554 1066 3592 a
1083 3529 1165 3596 Haeo
1184 3525 1359 3596 sententia
1371 3523 1417 3596 ab

337 3645 506 3732 omnibus
531 3660 694 3742 suscepta
716 3642 893 3715 laudatur.
927 3646 1157 3714 Sacramento
1183 3643 1302 3739 itaque
1333 3641 1417 3712 duci

337 3763 537 3862 alligantur.
560 3765 715 3861 Tempus
733 3755 909 3833 redeundi
921 3776 956 3832 et
974 3759 1213 3834 conveniendi
1235 3760 1419 3834 constitui·

336 3897 407 3959 tur.
424 3883 482 3955 Sic
495 3907 641 3980 quoque
660 3906 681 3952 a
702 3906 739 3964 se
753 3879 860 3951 soluti
873 3893 968 3950 sunt.
983 3943 985 3948 ,
