3318 5292
356 517 417 577 298
720 511 886 578 mcttffltt
913 515 987 578 tta.
1008 517 1062 580 lV.

762 699 838 752 CIII.
848 731 885 742 -
891 699 1014 754 Patricio.

408 893 427 932 a
447 865 517 937 Sed
537 891 638 955 ecce,
666 891 709 938 ex
732 867 883 940 adverso
900 868 1055 940 occurrit
1072 867 1347 966 calumpniator3
1365 891 1429 939 vo·

359 1012 376 1048 a
398 1007 482 1052 cum
504 981 739 1074 novitatibus,
767 999 808 1055 ut
836 985 952 1080 major
975 983 1037 1056 fiat
1063 984 1214 1074 invidia,
1237 983 1429 1056 delectatus

359 1129 377 1166 a
399 1099 616 1196 obloquitur.
634 1104 827 1172 Dominum
845 1118 942 1173 tuum
960 1099 1157 1189 tradidisti,
1176 1105 1313 1172 carceri
1328 1127 1428 1171 man·

358 1243 376 1282 «
397 1217 527 1312 riparii
533 1270 542 1307 ,
558 1213 726 1312 spernam
736 1216 814 1314 ejus
828 1221 999 1316 rapuisti,
1013 1217 1131 1288 sedem
1137 1219 1339 1315 pervasisti.
1359 1246 1377 1284 u

478 1426 551 1480 CIV.
563 1447 600 1468 ⁵-
611 1426 785 1481 Confirmatio
796 1439 823 1480 et
836 1427 1004 1499 reprehensio
1020 1429 1168 1483 alternatim
1181 1427 1295 1500 digesta.

406 1617 425 1656 u
445 1592 544 1661 Itane
565 1615 631 1688 ego
648 1589 859 1682 dominum,
879 1592 980 1688 cujus
999 1611 1199 1690 numquam
1215 1615 1338 1663 servus
1355 1590 1430 1661 fue·

359 1731 376 1770 a
394 1703 480 1794 rim,
505 1705 563 1776 cui
588 1707 694 1778 etiam
719 1705 859 1778 nullum
884 1706 1095 1778 sacramenti
1117 1731 1229 1803 genus
1256 1727 1429 1801 umquam

358 1852 376 1891 u
395 1826 638 1922 ptaestiterim?
664 1827 739 1898 Etsi
761 1828 860 1899 enim
881 1827 928 1898 ad
958 1841 1098 1924 tempus
1117 1825 1306 1898 famulatus
1326 1849 1425 1913 sum,

356 1975 375 2014 «
396 1946 571 2023 fecithoc
592 1949 782 2046 imperium
805 1950 916 2046 patris
934 1950 1006 2020 mei
1025 1946 1273 2038 adalberonis,
1288 1948 1351 2044 qui
1369 1971 1429 2019 me

356 2091 374 2129 a
395 2063 432 2134 in
459 2065 624 2136 Remensi
646 2064 794 2137 ecclesia
819 2066 1037 2136 commorari
1068 2064 1256 2162 praeeepit,
1293 2063 1430 2161 quoad·

357 2207 376 2247 u
396 2204 512 2277 usque
532 2180 710 2278 pontificis
736 2182 773 2251 in
801 2203 842 2252 ea
873 2182 999 2252 sacrati
1025 2202 1144 2251 mores
1167 2194 1337 2278 actusque
1368 2180 1428 2253 di-

358 2319 376 2359 «
397 2315 595 2364 noscerem.
608 2292 718 2380 ¹Quod
733 2292 821 2363 dum
836 2292 992 2390 operior,
1012 2291 1171 2362 hostium
1183 2291 1303 2390 praeda
1316 2291 1428 2363 factus

358 2435 379 2475 u
399 2429 499 2496 sum,
518 2423 554 2480 et
571 2423 784 2514 quaexvestra
803 2407 1046 2480 munificentia
1060 2432 1344 2506 magnorumque
1361 2409 1428 2481 du·

357 2551 375 2592 «
396 2549 480 2596 cum
503 2526 644 2622 largitas
662 2525 756 2597 clara
779 2541 814 2597 et
832 2525 1011 2624 praecipua
1036 2525 1235 2597 contulerat
1235 2579 1253 2633 λ
1271 2526 1428 2598 violenta

358 2668 377 2708 u
396 2640 607 2739 praedonum
621 2626 748 2713 manui
766 2639 926 2733 abstulit,
947 2666 1076 2738 meque
1096 2666 1189 2740 pene
1205 2642 1345 2714 nudum
1361 2643 1429 2741 gla-

357 2754 464 2828 «diis
487 2758 560 2828 suis
585 2773 746 2856 ereptum
775 2756 901 2828 doluit.
930 2759 1100 2855 Denique.
1115 2773 1306 2856 postquam
1327 2758 1427 2831 illum

357 2898 375 2936 u
398 2885 597 2968 apostatam
615 2871 806 2968 dereliqui,
820 2873 894 2944 vias
919 2887 955 2944 et
975 2873 1101 2944 itinera
1122 2872 1198 2968 ejus
1214 2898 1290 2944 non
1308 2873 1429 2948 obser·

357 3015 375 3054 ι(
397 2988 499 3074 vavi,
514 3013 581 3060 nec
599 2987 759 3086 quolibet
770 2989 881 3061 modo
896 2991 928 3061 ei
942 2975 1223 3062 communicavi.'
1234 2991 1427 3078 Quomodo

358 3133 375 3170 u
397 3129 482 3202 ergo
507 3131 590 3209 eum
621 3105 771 3197 tradidi,
799 3108 878 3204 qui,
904 3106 966 3179 ubi
991 3122 1076 3179 tunc
1102 3107 1276 3206 temporis
1302 3107 1425 3198 fixerit,

358 3250 375 3288 u
397 3221 553 3294 nescivi?
568 3222 640 3294 Sed
650 3248 767 3320 neque
780 3249 864 3295 eum
877 3224 1009 3296 carceri
1020 3224 1242 3338 mancipavi,
1256 3224 1319 3320 qui
1331 3248 1429 3296 nunc

358 3363 512 3436 «nuper
548 3339 616 3410 sub
651 3341 837 3438 praesentia
874 3339 1034 3427 fidelium
1071 3343 1212 3414 testium
1251 3341 1428 3414 seniorem

359 3483 376 3520 a
397 3479 520 3530 meum
540 3456 709 3547 conveni,
734 3469 773 3532 nt
789 3470 937 3555 propter
954 3461 1013 3529 me
1025 3482 1093 3529 nec
1106 3456 1153 3528 ad
1171 3457 1421 3528 momentum*

359 3600 376 3638 a
389 3570 471 3654 ,ulta
488 3572 713 3646 'detineretur
731 3574 903 3645 custodia.
925 3574 961 3644 si
985 3574 1083 3646 enim
1104 3574 1295 3646 auctoritas
1313 3588 1429 3645 vestra

358 3716 376 3753 ι(
395 3711 463 3785 pro
478 3713 537 3759 me
550 3703 675 3777 staret,
690 3690 881 3762 intantum
895 3691 1062 3762 Amulius
1074 3690 1277 3781 vilesceret,
1288 3706 1329 3762 ut
1341 3689 1428 3760 mihi

358 3805 587 3876 «minimum
615 3805 748 3878 valeret
773 3806 911 3880 obesse.
935 3808 1044 3896 Quod
1070 3809 1100 3880 si
1124 3808 1302 3881 contraria
1318 3806 1426 3898 mihi,

359 3949 377 3987 α
399 3922 499 4018 quod
522 3921 630 4011 absit,
655 3925 829 3995 sententia
850 3938 966 3996 vestra
987 3925 1214 4015 decerneret,
1238 3923 1327 4022 quid
1348 3947 1429 3995 mea

360 4066 378 4103 a
398 4039 600 4130 interesset,
621 4055 743 4112 utrum
756 4039 936 4132 Arnulfus,
955 4065 1001 4115 an
1020 4041 1108 4114 alius
1128 4044 1322 4114 Remorum
1342 4064 1429 4112 con·

394 4264 402 4294 ¹
423 4263 457 4316 ad
471 4265 599 4318 monitum
611 4267 652 4318 ed.
