3308 5286
379 483 419 540 30
726 478 891 538 RICHERI
916 478 990 538 ΗΒ.
1015 476 1074 535 tlt.

381 642 399 678 a
420 636 490 707 que
508 610 600 680 illius
619 611 780 706 propria,
808 623 924 679 vestra
949 607 1106 678 similiter
1129 606 1336 676 auctoritate
1363 629 1448 674 con-

382 758 399 794 a
421 709 593 799 firmetur.
623 753 639 789 >¹

855 866 971 918 XXVII.

428 983 481 1083 ld
498 1011 574 1082 haec
592 1010 749 1081 domnus
767 1035 860 1108 papa
884 1039 892 1078 ;
917 1039 935 1076 a
957 1013 1024 1080 Res
1045 1037 1062 1074 a
1088 1005 1203 1106 inquit
1223 1036 1241 1075 a
1263 1007 1387 1078 donini
1408 1032 1450 1078 ac

382 1158 399 1195 a
420 1128 563 1226 patroni
585 1127 723 1198 nostri*
750 1125 915 1224 Remigii,
945 1125 1059 1196 nostri
1074 1124 1298 1222 'apostolatus
1317 1119 1453 1195 senten·

382 1275 399 1311 a
423 1245 470 1316 tia
491 1243 637 1315 stabiliri
659 1256 823 1340 tutasque
840 1243 877 1313 in
898 1258 1112 1341 perpetuum
1129 1239 1222 1330 fieri,
1245 1241 1332 1338 quin
1346 1241 1451 1311 etiam

383 1392 400 1428 a
423 1361 468 1433 de
492 1375 556 1432 tuo
579 1359 751 1457 quioquid
772 1359 887 1458 placet
905 1359 1008 1450 addi,
1029 1345 1257 1431 libentissime
1275 1357 1448 1429 concedo.

383 1508 399 1545 a
422 1479 559 1575 Scripto
588 1477 695 1548 etiam
719 1476 756 1547 id
778 1475 941 1550 roborari
963 1501 1039 1549 non
1063 1478 1180 1550 solum
1199 1501 1301 1564 -mea,
1332 1474 1395 1548 sed
1418 1490 1453 1546 et

384 1630 400 1667 a
423 1600 554 1671 horum
571 1599 634 1696 qui
658 1598 789 1670 adsunt
814 1600 1066 1698 episcoporum
1093 1599 1300 1669 auctoritate
1327 1597 1453 1668 consti·

383 1732 498 1788 «tuo.
526 1745 544 1782 »
570 1720 724 1811 Moxque
753 1716 924 1812 scriptum
951 1717 993 1785 iri
1012 1715 1131 1810 jussit,
1153 1731 1347 1809 coramque
1370 1712 1453 1783 sori-

382 1850 485 1930 ptum
501 1831 570 1928 legi
592 1832 769 1929 praecepit.
1328 1827 1344 1834 ”

849 1941 981 2024 xxvru.

430 2098 538 2193 Cujus
549 2085 671 2169 'textus
688 2095 896 2192 hujusmodi
913 2081 988 2166 est:
1013 2125 1030 2162 a
1053 2095 1233 2166 iohannes
1248 2121 1370 2166 servus
1388 2121 1455 2166 ser·

384 2241 401 2278 «
423 2238 550 2284 vorum
569 2212 662 2283 Dei²
670 2265 774 2282 .......
802 2240 819 2275 a

868 2403 971 2454 XXIX.

431 2531 540 2618 Quod
565 2529 766 2600 inauribus
791 2527 955 2597 omnium
980 2529 1044 2624 qui
1065 2527 1213 2601 aderant
1236 2529 1452 2627 perlectum,

384 2647 487 2743 sigilli
510 2647 565 2717 sui
592 2660 678 2716 nota
708 2643 909 2739 insignivit,
946 2657 1052 2738 atque
1086 2645 1259 2744 episcopis
1285 2635 1456 2716 roboran-

385 2763 473 2832 dum
497 2761 667 2859 porrexit.
696 2759 834 2845 Quibus
863 2759 985 2856 gestis,
1011 2760 1305 2859 metropolitanus
1331 2761 1456 2832 domni

385 2902 485 2975 papae
515 2891 621 2973 atque
649 2875 902 2974 episcoporum
932 2875 1074 2948 licentia
1105 2876 1300 2975 digressus,
1336 2877 1456 2948 Galliis

383 3018 462 3064 sese
479 2992 628 3090 recepit,
659 2992 866 3090 directoque
886 2993 1011 3066 itinere
1035 2995 1147 3064 sancti
1170 2993 1327 3094 praedicti
1345 2994 1458 3092 sepul·

386 3109 513 3180 chrum
533 3107 684 3194 devotus
706 3109 825 3208 petiit,
850 3111 953 3206 eique
973 3112 1010 3183 in
1028 3111 1177 3207 collegio
1198 3110 1458 3182 monachorum

387 3225 610 3325 privilegium
639 3227 812 3325 seriptum
842 3226 982 3323 legavit.
1015 3228 1187 3300 Monachi
1216 3228 1341 3300 datum
1371 3229 1459 3299 exci-

387 3343 541 3439 pienteS,
563 3342 707 3414 archivo
727 3343 941 3415 servandum
963 3345 1151 3434 mandant,
1176 3346 1374 3441 gratiasque
1391 3369 1458 3442 pro

388 3474 485 3529 tanta
507 3458 714 3530 liberalitate
733 3459 900 3532 decenter
917 3462 1135 3559 impertiunt.
1182 3511 1185 3518 -

428 3699 443 3728 ¹'
455 3700 499 3748 sic.

424 3783 435 3812 ²
454 3781 606 3840 menbrana,
622 3783 661 3830 cni
680 3782 764 3832 clrarta
777 3784 892 3852 inscripta
914 3793 982 3841 erat,
999 3784 1053 3850 jam
1070 3781 1179 3842 excidit,·
1198 3783 1364 3853 apographum
1379 3796 1461 3834 artare

390 3866 471 3916 scribit
483 3865 550 3916 Gaii.
560 3865 653 3916 Marlot
662 3867 687 3915 in
699 3867 810 3916 Historia
819 3865 956 3936 metropolis
964 3867 1083 3916 flamensis
1093 3869 1128 3918 II.
1144 3867 1169 3918 t.
1180 3865 1225 3918 sed
1234 3865 1265 3918 ob
1278 3885 1368 3918 annum
1376 3871 1461 3938 ponti·
1518 3903 1538 3923 x

383 3947 494 4018 ficetur,
508 3951 549 4022 qui
560 3950 674 4002 scribitur
685 3963 798 4010 octavas,
813 3963 956 4021 suspectum.
