3308 5286
361 490 399 550 16
710 455 875 544 etonem
896 483 971 543 tte.
999 484 1056 543 ιιι.

856 947 932 1000 XIV.

412 1067 453 1132 ln
471 1083 543 1159 qua
564 1084 685 1134 rerum
708 1056 957 1130 distributione
978 1083 1062 1130 cum
1087 1057 1243 1134 domnus
1265 1084 1308 1132 ac
1332 1086 1437 1133 reve-

365 1177 497 1251 rendus
519 1175 685 1248 Artoldus
708 1176 1004 1273 metropolitanus
1029 1174 1228 1248 admodum
1245 1175 1282 1247 in
1306 1177 1365 1251 die
1386 1179 1437 1252 la·

364 1296 544 1384 borasset3
566 1307 601 1363 et
617 1316 690 1391 prae
706 1291 810 1389 solis⁴
835 1292 974 1365 fervore
995 1307 1071 1365 toto
1089 1318 1241 1393 corpore
1259 1295 1435 1387 sudasset,

366 1436 450 1484 cum
462 1423 597 1481 vestem
611 1407 795 1504 abjiceret,
810 1434 875 1508 per
887 1433 998 1507 poros
1020 1408 1139 1495 calore
1157 1425 1316 1507 apertos,
1331 1410 1439 1508 frigus

367 1525 596 1620 autumnale²
618 1525 771 1656 irrepsit.
786 1530 948 1622 Natoque
967 1551 1011 1604 ex
1027 1527 1171 1599 interno
1185 1526 1341 1624 frigdore
1358 1552 1441 1626 epa·

367 1644 412 1716 tis
425 1623 574 1732 morbo,
595 1642 714 1712 nimiis
727 1639 913 1713 doloribus
931 1641 1114 1713 confectus
1123 1642 1270 1741 ,pridie
1288 1641 1438 1714 Kalend.

369 1759 498 1834 Octob.
520 1785 542 1830 a
560 1782 625 1830 suo
639 1758 828 1857 praesulatu
846 1759 973 1830 annis³
994 1759 1127 1854 vigenti
1141 1758 1238 1830 diem
1252 1759 1332 1830 vitae
1344 1757 1444 1872 clau-

370 1885 415 1955 sit
432 1882 641 1957 extremum.

877 1995 939 2044 xv,

421 2114 530 2210 Cujus
543 2114 695 2212 peractis
707 2112 899 2207 exsequiis,
920 2115 1024 2207 Hugo
1038 2113 1244 2209 nuperrime
1258 2113 1331 2184 dux
1343 2117 1448 2184 Fran·
1570 2205 1573 2212 ι

373 2255 500 2304 corum
524 2227 570 2300 ab
594 2253 677 2326 rege
694 2227 825 2315 factus,
846 2250 967 2322 regem
994 2225 1201 2323 suppliciter
1219 2227 1315 2314 adit,-
1344 2230 1448 2329 petit-

375 2344 706 2447 que‘pontificalem
728 2343 938 2440 dignitatem
957 2343 989 2414 ei
1010 2344 1171 2434 restitui,
1193 2369 1236 2416 eo
1250 2345 1351 2442 quod
1373 2349 1449 2445 ipse

375 2480 458 2539 ante
481 2462 669 2536 Artoldum
687 2458 973 2560 ipsamadeptus
999 2458 1124 2552 tuerit,
1154 2477 1190 2533 et
1211 2485 1287 2532 uon
1308 2486 1373 2533 suo
1398 2462 1449 2532 fa-

376 2582 519 2670 cinore,
539 2577 603 2650 sed
626 2575 768 2648 Rodulfi
789 2575 881 2671 regis
903 2574 1055 2667 invidia,
1072 2576 1260 2648 Artoldum
1274 2578 1316 2647 vei
1329 2557 1451 2674 super·
1576 2621 1578 2632 ·

378 2699 527 2770 ductum
556 2707 744 2765 memorat.
782 2690 1026 2763 Persistebat
1017 2709 1180 2790 ltaque
1160 2709 1201 2764 ut
1227 2692 1447 2766 redderetur.
1562 2769 1566 2778 ,

378 2819 423 2886 Et
446 2811 566 2884 statim
583 2807 754 2881 decreto
775 2809 896 2904 regi0‚
921 2809 1070 2881 sinodus
1096 2811 1350 2909 episcoporum
1371 2826 1454 2909 post

380 2930 456 3001 dies
474 2926 723 3025 quadragenos
740 2923 910 2996 habenda
927 2925 1106 3009 indicitur.

876 3107 952 3160 XVI.

430 3209 615 3307 Colligitur
641 3231 726 3305 ergo
751 3212 1008 3282 consummatis
1034 3211 1224 3285 diebusin
1251 3236 1345 3311 pago
1369 3215 1454 3286 Mel·

382 3328 484 3400 densi
497 3352 599 3400 secus
613 3327 762 3399 fluvium
774 3331 991 3418 Matronam‚
1007 3329 1045 3400 in
1059 3329 1139 3400 vico
1152 3330 1215 3426 qui
1226 3344 1386 3401 vocatur.
1395 3385 1402 3401 .
1411 3386 1418 3401 .
1428 3385 1452 3420 .,

383 3471 426 3517 ex
438 3443 603 3516 Remensi
617 3468 658 3514 ac
676 3445 875 3515 Senonensi
891 3445 1097 3543 provinciis,
1119 3445 1267 3517 sinodus
1287 3446 1456 3519 tredecim

383 3561 652 3658 episcoporum,
668 3556 818 3657 praeside
831 3561 1038 3632 senonense
1050 3560 1233 3659 pontifice.
1257 3565 1353 3634 Inter
1366 3587 1457 3660 quos

384 3678 491 3748 etiam
519 3675 675 3746 fautores
697 3675 807 3774 aliqui
831 3702 898 3775 pro
922 3692 1023 3776 parte
1048 3679 1207 3774 Hugonis
1222 3676 1454 3767 videbantur,

256 3882 260 3887 ι
385 3808 421 3866 et
441 3791 595 3864 maxime
617 3790 667 3862 illi
691 3793 753 3889 qui
770 3792 854 3864 duci
875 3793 1176 3886 consuescebant,
1204 3787 1328 3893 utpote
1351 3800 1459 3869 Aure·

423 4018 552 4072 ‘aestatis
563 4037 625 4070 c.orr
640 4017 710 4070 solis.

420 4089 553 4195 :frigoris
564 4108 627 4142 c.0rr
643 4089 724 4159 frigus
735 4094 894 4147 autumnale

451 4180 514 4214 ann.

421 4234 520 4287 *iussu
535 4248 598 4283 corr.
612 4229 728 4286 decreto.
