3314 5294
364 508 423 566 132
717 503 884 564 tttcHEttt
909 505 983 564 LlB.
1008 507 1068 574 ΙΙΙ.

361 638 420 724 ιιι,
434 638 622 710 stationem
640 637 799 708 hostium
821 635 999 711 deducere
1021 638 1237 736 cogitabant.
1262 640 1333 726 Sed
1353 643 1438 738 quia

359 755 556 852 sagittarios
577 771 760 852 suspectos
788 752 987 846 habebant,
1013 757 1192 828 rationem
1215 757 1433 854 querebant,

359 897 430 969 qua
465 869 628 943 hostibus
663 872 739 943 siue
770 897 920 944 suorum
952 872 1087 945 lesione
1115 875 1432 972 appropinquaret

357 988 518 1061 Tandem
535 991 673 1061 ratione
695 988 857 1060 subtilius
879 1005 1145 1087 perscrutante,
1174 1008 1357 1090 repertum
1384 1008 1437 1063 est

358 1131 438 1210 eam
463 1106 510 1177 ad
524 1089 645 1177 hostes
663 1107 806 1204 optima
813 1122 889 1178 arte
903 1106 1047 1178 detrudi
1064 1132 1180 1226 posse.

500 1301 573 1353 cvl.
583 1299 760 1352 —Deductio
772 1298 830 1352 ad*
843 1301 931 1354 hostes
942 1302 1083 1373 superioris
1094 1301 1286 1356 *machine
1260 1304 1277 1336 *

372 1483 387 1528 s
404 1448 595 1521 Dictabant
608 1449 704 1521 enim
715 1431 872 1546 quatuor
883 1424 1018 1548 stipites
1029 1450 1150 1522 multae
1167 1451 1432 1548 grossitudinis,

354 1583 455 1640 terrae
473 1565 595 1645 solidae
615 1566 864 1658 mandandos,
891 1565 1019 1640 decern
1039 1567 1192 1666 pedibus
1205 1570 1249 1640 ‘in
1267 1585 1362 1644 tena
1375 1573 1437 1645 de·

354 1683 473 1773 fossis,
499 1688 583 1754 oct'o
597 1705 721 1777 veroa
743 1697 837 1753 terra
851 1681 982 1779 ejectis.
1005 1684 1076 1770 Qui
1089 1685 1196 1756 etiam
1215 1689 1437 1784 transpositis

352 1825 419 1898 per
447 1814 602 1896 quatuor
626 1797 737 1870 latera
757 1800 935 1900 repagulis
962 1798 1290 1910 vehementissimis?
1306 1803 1436 1879 solida-

353 1930 490 1988 rentur.
518 1914 707 2014 Repagulis
732 1941 889 2014 quoque·
904 1917 1118 1988 transmissis
1142 1917 1246 1996 firues
1275 1919 1438 1996 inseren-

354 2033 433 2105 dos.
442 2084 446 2088 -
456 2032 527 2104 Sed
540 2032 681 2105 funium
694 2032 811 2131 capita
825 2033 871 2104 ab
888 2033 1053 2104 hostibus
1065 2033 1234 2125 abducta,
1250 2039 1437 2134 superiora

354 2149 504 2248 quidem
517 2147 708 2238 machinae,
726 2149 900 2220 interiora
912 2172 999 2219 vero
1008 2145 1432 2226 ‘bobus-annecterentur.

355 2275 398 2342 At
417 2263 587 2340 interiora
604 2257 746 2364 longius
767 2265 1009 2364 superioribus
1025 2269 1342 2365 protenderentur.
1370 2276 1435 2344 Su·
1461 2283 1464 2296 '

355 2387 514 2486 periura
510 2403 608 2455 vero
642 2379 808 2486 breviore
841 2381 952 2454 ductu
990 2383 1194 2457 machinam
1227 2388 1437 2486 implicitam

356 2501 547 2590 haberent,
568 2500 617 2571 ita
636 2515 678 2602 ut
696 2501 789 2571 inter
810 2497 931 2571 hostes
946 2514 982 2571 et
1000 2499 1113 2572 boves
1133 2504 1300 2579 machina
1313 2521 1433 2580 staret.

358 2617 461 2696 Unde
479 2632 515 2692 et
532 2616 653 2708 fieret,
678 2631 719 2688 ut
731 2629 867 2713 quanto
888 2614 1000 2688 boves
1020 2615 1067 2687 ab
1083 2617 1249 2692 hostibus
1260 2621 1437 2695 trahendo

356 2734 595 2824 discederent,
622 2747 722 2804 tanto
747 2725 915 2803 machina
934 2731 1097 2804 hostibus
1121 2742 1437 2839 attracta-propin·

355 2865 494 2949 queret.
518 2853 601 2936 Quo
622 2861 850 2936 comment0,
876 2847 1061 2921 chilindris
1079 2853 1291 2951 suppositis,
1308 2857 1438 2954 quibus

356 2965 492 3037 facilius
506 2978 646 3035 motum
661 2963 854 3060 acciperet,
870 2963 1037 3035 machina
1056 2965 1220 3039 hostibus
1238 2971 1339 3043 nullo
1355 2972 1437 3044 laeso

357 3082 506 3182 appulsa
524 3096 588 3153 est.

655 3221 1137 3298 cvt1.-victor1a**t0usrn**.
1164 3195 1181 3302 J

407 3339 607 3430 Adversarii
630 3375 776 3454 quoque
802 3339 955 3430 similem
978 3360 1126 3456 quidem
1151 3363 1354 3456 machinam
1380 3393 1439 3439 ex-

358 3488 503 3563 truunt,
531 3471 594 3544 sed
619 3471 806 3544 altitudine
827 3489 864 3545 et
886 3474 1032 3547 robore
1040 3477 1258 3552 inferiorem.
1281 3487 1438 3592 Utraque

360 3614 444 3689 ergo
456 3590 658 3662 exstructa*
668 3605 830 3689 aparte
838 3606 990 3689 utraque
1003 3616 1192 3665 ascensum
1206 3612 1269 3669 est.
1285 3577 1439 3674 Conflic-

359 3728 508 3806 tumque
519 3707 566 3779 ab
574 3708 734 3805 utrisque
743 3709 1022 3808 prompussune,
1031 3737 1099 3783 nec
1110 3726 1230 3785 tamen
1242 3715 1317 3792 ullo
1327 3720 1439 3792 modo

360 3825 506 3896 cedunt.
525 3827 597 3895 Rex
611 3847 695 3894 cum
713 3826 863 3924 propior
875 3828 987 3897 muris
1002 3828 1160 3927 adesset,
1187 3831 1305 3906 tundae
1299 3833 1440 3944 ¹jaculo

362 3945 396 4013 in
417 3941 519 4068 labro
540 3941 724 4037 superiore
746 3943 923 4014 sauciatus
938 3960 1002 4015 est.
1022 3945 1155 4040 Cujus
1146 3948 1292 4043 injuria,
1311 3955 1366 4043 ‘sui
1386 3971 1441 4025 aci

396 4114 502 4180 *ad,
495 4113 574 4178 roris,
588 4133 617 4166 aa
616 4063 691 4164 'abac
683 4133 729 4165 msa
970 4173 974 4184 .
1002 4129 1005 4160 ι
1085 4161 1088 4172 ,

395 4201 428 4238 ¹*
445 4200 501 4254 ria.
514 4199 547 4250 rit
540 4199 667 4251 abscisa.

396 4284 590 4338 'eductasue
545 4303 590 4355 uep
592 4303 628 4335 ιιι
615 4286 692 4354 cripte
678 4260 845 4337 oexatrdcta.
