<?xml version="1.0" encoding="UTF-8"?>
<!DOCTYPE html PUBLIC "-//W3C//DTD XHTML 1.0 Transitional//EN"
    "http://www.w3.org/TR/xhtml1/DTD/xhtml1-transitional.dtd">
<html xmlns="http://www.w3.org/1999/xhtml" xml:lang="en" lang="en">
 <head>
  <title>
</title>
<meta http-equiv="Content-Type" content="text/html;charset=utf-8" />
  <meta name='ocr-system' content='tesseract 3.04.00' />
  <meta name='ocr-capabilities' content='ocr_page ocr_carea ocr_par ocr_line ocrx_word'/>
</head>
<body>
  <div class='ocr_page' id='page_1' title='image "./richerhistoired01parigoog_0020.png"; bbox 0 0 3308 5286; ppageno 0'>
   <div class='ocr_carea' id='block_1_1' title="bbox 379 578 1079 684">
    <p class='ocr_par' dir='ltr' id='par_1_1' title="bbox 379 578 1079 684">
     <span class='ocr_line' id='line_1_1' title="bbox 379 578 1079 684; baseline 0.014 -44"><span class='ocrx_word' id='word_1_1' title='bbox 379 578 399 640; x_wconf 80' lang='lat'>4</span> <span class='ocrx_word' id='word_1_2' title='bbox 600 672 605 684; x_wconf 94' lang='lat'>.</span> <span class='ocrx_word' id='word_1_3' title='bbox 732 582 898 646; x_wconf 75' lang='lat' dir='ltr'>RICHERI</span> <span class='ocrx_word' id='word_1_4' title='bbox 921 584 995 644; x_wconf 89' lang='lat' dir='ltr'>LlB.</span> <span class='ocrx_word' id='word_1_5' title='bbox 1021 585 1079 649; x_wconf 85' lang='grc' dir='ltr'><strong>ΙΙΙ.</strong></span> 
     </span>
    </p>
   </div>
   <div class='ocr_carea' id='block_1_2' title="bbox 363 711 1483 1979">
    <p class='ocr_par' dir='ltr' id='par_1_2' title="bbox 363 711 1483 1979">
     <span class='ocr_line' id='line_1_2' title="bbox 379 711 1445 820; baseline 0.012 -38"><span class='ocrx_word' id='word_1_6' title='bbox 379 713 544 809; x_wconf 85' lang='lat' dir='ltr'>Remigii,</span> <span class='ocrx_word' id='word_1_7' title='bbox 573 711 636 784; x_wconf 92' lang='lat' dir='ltr'>ubi</span> <span class='ocrx_word' id='word_1_8' title='bbox 658 728 758 811; x_wconf 91' lang='lat' dir='ltr'>pater</span> <span class='ocrx_word' id='word_1_9' title='bbox 779 740 864 788; x_wconf 94' lang='lat' dir='ltr'>suus</span> <span class='ocrx_word' id='word_1_10' title='bbox 888 716 1081 790; x_wconf 89' lang='lat' dir='ltr'>tumulatus</span> <span class='ocrx_word' id='word_1_11' title='bbox 1103 743 1186 790; x_wconf 89' lang='lat' dir='ltr'>cum</span> <span class='ocrx_word' id='word_1_12' title='bbox 1208 719 1284 802; x_wconf 87' lang='lat' dir='ltr'>aliis</span> <span class='ocrx_word' id='word_1_13' title='bbox 1305 722 1445 820; x_wconf 87' lang='lat' dir='ltr'>regibus</span> 
     </span>
     <span class='ocr_line' id='line_1_3' title="bbox 376 829 1445 931; baseline 0.012 -33"><span class='ocrx_word' id='word_1_14' title='bbox 376 829 523 927; x_wconf 83' lang='lat' dir='ltr'>sepultis</span> <span class='ocrx_word' id='word_1_15' title='bbox 553 831 767 927; x_wconf 85' lang='lat' dir='ltr'>quiescebat.</span> <span class='ocrx_word' id='word_1_16' title='bbox 804 836 1021 931; x_wconf 89' lang='lat' dir='ltr'>Creatusque</span> <span class='ocrx_word' id='word_1_17' title='bbox 1051 860 1132 926; x_wconf 88' lang='lat' dir='ltr'>rex,</span> <span class='ocrx_word' id='word_1_18' title='bbox 1165 863 1187 908; x_wconf 92' lang='lat' dir='ltr'>a</span> <span class='ocrx_word' id='word_1_19' title='bbox 1216 853 1329 910; x_wconf 90' lang='lat' dir='ltr'>matre</span> <span class='ocrx_word' id='word_1_20' title='bbox 1359 843 1445 911; x_wconf 91' lang='lat' dir='ltr'>Ger·</span> 
     </span>
     <span class='ocr_line' id='line_1_4' title="bbox 374 943 1444 1048; baseline 0.01 -32"><span class='ocrx_word' id='word_1_21' title='bbox 374 943 483 1043; x_wconf 84' lang='lat' dir='ltr'>berga</span> <span class='ocrx_word' id='word_1_22' title='bbox 501 947 676 1045; x_wconf 91' lang='lat' dir='ltr'>simulque</span> <span class='ocrx_word' id='word_1_23' title='bbox 690 962 726 1020; x_wconf 90' lang='lat' dir='ltr'>et</span> <span class='ocrx_word' id='word_1_24' title='bbox 737 949 957 1048; x_wconf 90' lang='lat' dir='ltr'>principibus</span> <span class='ocrx_word' id='word_1_25' title='bbox 970 950 1183 1024; x_wconf 90' lang='lat' dir='ltr'>Laudunum</span> <span class='ocrx_word' id='word_1_26' title='bbox 1197 954 1225 1044; x_wconf 83' lang='lat'>⁴,</span> <span class='ocrx_word' id='word_1_27' title='bbox 1245 954 1306 1026; x_wconf 92' lang='lat' dir='ltr'>ubi</span> <span class='ocrx_word' id='word_1_28' title='bbox 1320 980 1364 1026; x_wconf 86' lang='lat' dir='ltr'>ex</span> <span class='ocrx_word' id='word_1_29' title='bbox 1380 981 1444 1026; x_wconf 93' lang='lat' dir='ltr'>an-</span> 
     </span>
     <span class='ocr_line' id='line_1_5' title="bbox 374 1063 1442 1166; baseline 0.01 -33"><span class='ocrx_word' id='word_1_30' title='bbox 374 1063 476 1159; x_wconf 88' lang='lat' dir='ltr'>tiquo</span> <span class='ocrx_word' id='word_1_31' title='bbox 491 1065 587 1161; x_wconf 85' lang='lat' dir='ltr'>regia</span> <span class='ocrx_word' id='word_1_32' title='bbox 605 1090 680 1137; x_wconf 92' lang='lat' dir='ltr'>esse</span> <span class='ocrx_word' id='word_1_33' title='bbox 698 1065 800 1158; x_wconf 86' lang='lat' dir='ltr'>sedes</span> <span class='ocrx_word' id='word_1_34' title='bbox 813 1065 1026 1158; x_wconf 86' lang='lat' dir='ltr'>dinoscitur,</span> <span class='ocrx_word' id='word_1_35' title='bbox 1048 1093 1176 1166; x_wconf 85' lang='lat' dir='ltr'>magna</span> <span class='ocrx_word' id='word_1_36' title='bbox 1194 1095 1313 1142; x_wconf 91' lang='lat' dir='ltr'>rerum</span> <span class='ocrx_word' id='word_1_37' title='bbox 1330 1071 1442 1144; x_wconf 89' lang='lat' dir='ltr'>ambi-</span> 
     </span>
     <span class='ocr_line' id='line_1_6' title="bbox 371 1180 1440 1259; baseline 0.007 -8"><span class='ocrx_word' id='word_1_38' title='bbox 371 1180 470 1252; x_wconf 90' lang='lat' dir='ltr'>tione</span> <span class='ocrx_word' id='word_1_39' title='bbox 492 1180 634 1253; x_wconf 89' lang='lat' dir='ltr'>inclitus</span> <span class='ocrx_word' id='word_1_40' title='bbox 656 1181 855 1254; x_wconf 84' lang='lat' dir='ltr'>deducitur.</span> <span class='ocrx_word' id='word_1_41' title='bbox 888 1187 970 1254; x_wconf 88' lang='lat' dir='ltr'>Dux</span> <span class='ocrx_word' id='word_1_42' title='bbox 993 1184 1163 1256; x_wconf 86' lang='lat' dir='ltr'>continue</span> <span class='ocrx_word' id='word_1_43' title='bbox 1181 1186 1214 1257; x_wconf 91' lang='lat' dir='ltr'>ei</span> <span class='ocrx_word' id='word_1_44' title='bbox 1236 1186 1440 1259; x_wconf 83' lang='lat' dir='ltr'>individuus</span> 
     </span>
     <span class='ocr_line' id='line_1_7' title="bbox 370 1297 1439 1398; baseline 0.007 -29"><span class='ocrx_word' id='word_1_45' title='bbox 370 1297 519 1388; x_wconf 90' lang='lat' dir='ltr'>assidet;</span> <span class='ocrx_word' id='word_1_46' title='bbox 544 1313 580 1369; x_wconf 90' lang='lat' dir='ltr'>et</span> <span class='ocrx_word' id='word_1_47' title='bbox 604 1297 650 1371; x_wconf 90' lang='lat' dir='ltr'>ad</span> <span class='ocrx_word' id='word_1_48' title='bbox 676 1298 825 1371; x_wconf 91' lang='lat' dir='ltr'>multam</span> <span class='ocrx_word' id='word_1_49' title='bbox 847 1302 939 1398; x_wconf 88' lang='lat' dir='ltr'>regis</span> <span class='ocrx_word' id='word_1_50' title='bbox 968 1300 1253 1374; x_wconf 85' lang='lat' dir='ltr'>benevolentiam</span> <span class='ocrx_word' id='word_1_51' title='bbox 1280 1305 1439 1377; x_wconf 92' lang='lat' dir='ltr'>animum</span> 
     </span>
     <span class='ocr_line' id='line_1_8' title="bbox 369 1413 1483 1516; baseline 0.005 -31"><span class='ocrx_word' id='word_1_52' title='bbox 369 1413 580 1504; x_wconf 91' lang='lat' dir='ltr'>intendens,</span> <span class='ocrx_word' id='word_1_53' title='bbox 622 1431 812 1514; x_wconf 89' lang='lat' dir='ltr'>postquam</span> <span class='ocrx_word' id='word_1_54' title='bbox 844 1417 1022 1516; x_wconf 83' lang='lat' dir='ltr'>principes</span> <span class='ocrx_word' id='word_1_55' title='bbox 1057 1420 1095 1487; x_wconf 94' lang='lat' dir='ltr'>in</span> <span class='ocrx_word' id='word_1_56' title='bbox 1126 1442 1189 1491; x_wconf 89' lang='lat' dir='ltr'>sua</span> <span class='ocrx_word' id='word_1_57' title='bbox 1223 1420 1435 1510; x_wconf 87' lang='lat' dir='ltr'>discessere,</span> <span class='ocrx_word' id='word_1_58' title='bbox 1466 1466 1483 1499; x_wconf 63' lang='lat' dir='ltr'><strong><em>s</em></strong></span> 
     </span>
     <span class='ocr_line' id='line_1_9' title="bbox 367 1532 1438 1631; baseline 0.006 -29"><span class='ocrx_word' id='word_1_59' title='bbox 367 1532 512 1630; x_wconf 91' lang='lat' dir='ltr'>privatis</span> <span class='ocrx_word' id='word_1_60' title='bbox 537 1557 620 1604; x_wconf 88' lang='lat' dir='ltr'>cum</span> <span class='ocrx_word' id='word_1_61' title='bbox 647 1558 728 1629; x_wconf 85' lang='lat' dir='ltr'>rege</span> <span class='ocrx_word' id='word_1_62' title='bbox 755 1532 944 1631; x_wconf 89' lang='lat' dir='ltr'>colloquiis</span> <span class='ocrx_word' id='word_1_63' title='bbox 969 1533 1191 1605; x_wconf 89' lang='lat' dir='ltr'>coutebatur.</span> <span class='ocrx_word' id='word_1_64' title='bbox 1232 1541 1276 1606; x_wconf 88' lang='lat' dir='ltr'>Et</span> <span class='ocrx_word' id='word_1_65' title='bbox 1302 1547 1341 1608; x_wconf 90' lang='lat' dir='ltr'>ut</span> <span class='ocrx_word' id='word_1_66' title='bbox 1367 1562 1438 1608; x_wconf 83' lang='lat' dir='ltr'>suae</span> 
     </span>
     <span class='ocr_line' id='line_1_10' title="bbox 366 1645 1437 1750; baseline 0.007 -32"><span class='ocrx_word' id='word_1_67' title='bbox 366 1647 543 1722; x_wconf 86' lang='lat' dir='ltr'>fidelitatis</span> <span class='ocrx_word' id='word_1_68' title='bbox 559 1650 726 1722; x_wconf 90' lang='lat' dir='ltr'>virtutem</span> <span class='ocrx_word' id='word_1_69' title='bbox 744 1651 886 1748; x_wconf 88' lang='lat' dir='ltr'>penitus</span> <span class='ocrx_word' id='word_1_70' title='bbox 896 1645 1182 1748; x_wconf 90' lang='lat' dir='ltr'>demonstraret,</span> <span class='ocrx_word' id='word_1_71' title='bbox 1209 1677 1328 1750; x_wconf 88' lang='lat' dir='ltr'>regem</span> <span class='ocrx_word' id='word_1_72' title='bbox 1347 1655 1437 1750; x_wconf 90' lang='lat' dir='ltr'>ejus-</span> 
     </span>
     <span class='ocr_line' id='line_1_11' title="bbox 364 1747 1435 1866; baseline 0.003 -28"><span class='ocrx_word' id='word_1_73' title='bbox 364 1791 435 1863; x_wconf 92' lang='lat' dir='ltr'>que</span> <span class='ocrx_word' id='word_1_74' title='bbox 452 1747 603 1839; x_wconf 90' lang='lat' dir='ltr'>matrem</span> <span class='ocrx_word' id='word_1_75' title='bbox 622 1790 703 1838; x_wconf 91' lang='lat' dir='ltr'>suas</span> <span class='ocrx_word' id='word_1_76' title='bbox 720 1749 828 1838; x_wconf 85' lang='lat' dir='ltr'>urbes</span> <span class='ocrx_word' id='word_1_77' title='bbox 845 1783 880 1839; x_wconf 86' lang='lat' dir='ltr'>et</span> <span class='ocrx_word' id='word_1_78' title='bbox 903 1767 1036 1866; x_wconf 91' lang='lat' dir='ltr'>oppida</span> <span class='ocrx_word' id='word_1_79' title='bbox 1060 1768 1098 1838; x_wconf 92' lang='lat' dir='ltr'>in</span> <span class='ocrx_word' id='word_1_80' title='bbox 1116 1783 1190 1841; x_wconf 88' lang='lat' dir='ltr'>tota</span> <span class='ocrx_word' id='word_1_81' title='bbox 1208 1759 1369 1843; x_wconf 82' lang='lat' dir='ltr'>Neu&#39;stria</span> <span class='ocrx_word' id='word_1_82' title='bbox 1386 1773 1435 1842; x_wconf 91' lang='lat' dir='ltr'>vi-</span> 
     </span>
     <span class='ocr_line' id='line_1_12' title="bbox 363 1880 810 1979; baseline 0 -28"><span class='ocrx_word' id='word_1_83' title='bbox 363 1905 440 1952; x_wconf 90' lang='lat' dir='ltr'>sere</span> <span class='ocrx_word' id='word_1_84' title='bbox 457 1882 563 1979; x_wconf 88' lang='lat' dir='ltr'>petit,</span> <span class='ocrx_word' id='word_1_85' title='bbox 591 1880 810 1977; x_wconf 88' lang='lat' dir='ltr'>obtinetque.</span> 
     </span>
    </p>
   </div>
   <div class='ocr_carea' id='block_1_3' title="bbox 873 2052 926 2103">
    <p class='ocr_par' dir='ltr' id='par_1_3' title="bbox 873 2052 926 2103">
     <span class='ocr_line' id='line_1_13' title="bbox 873 2052 926 2103; baseline 0.057 -3"><span class='ocrx_word' id='word_1_86' title='bbox 873 2052 926 2103; x_wconf 87' lang='lat'>111.</span> 
     </span>
    </p>
   </div>
   <div class='ocr_carea' id='block_1_4' title="bbox 408 2158 1432 2260">
    <p class='ocr_par' dir='ltr' id='par_1_4' title="bbox 408 2158 1432 2260">
     <span class='ocr_line' id='line_1_14' title="bbox 408 2158 1432 2260; baseline 0.002 -30"><span class='ocrx_word' id='word_1_87' title='bbox 408 2159 606 2232; x_wconf 88' lang='lat' dir='ltr'>Deducitur</span> <span class='ocrx_word' id='word_1_88' title='bbox 629 2184 713 2255; x_wconf 85' lang='lat' dir='ltr'>ergo</span> <span class='ocrx_word' id='word_1_89' title='bbox 737 2181 758 2230; x_wconf 88' lang='lat' dir='ltr'>a</span> <span class='ocrx_word' id='word_1_90' title='bbox 780 2158 872 2230; x_wconf 91' lang='lat' dir='ltr'>duce</span> <span class='ocrx_word' id='word_1_91' title='bbox 895 2183 956 2230; x_wconf 88' lang='lat' dir='ltr'>rex</span> <span class='ocrx_word' id='word_1_92' title='bbox 979 2183 1063 2230; x_wconf 90' lang='lat' dir='ltr'>cum</span> <span class='ocrx_word' id='word_1_93' title='bbox 1087 2174 1201 2230; x_wconf 87' lang='lat' dir='ltr'>matre</span> <span class='ocrx_word' id='word_1_94' title='bbox 1225 2161 1345 2258; x_wconf 87' lang='lat' dir='ltr'>regina</span> <span class='ocrx_word' id='word_1_95' title='bbox 1366 2187 1432 2260; x_wconf 90' lang='lat' dir='ltr'>per</span> 
     </span>
    </p>
   </div>
   <div class='ocr_carea' id='block_1_5' title="bbox 359 2274 1433 2485">
    <p class='ocr_par' dir='ltr' id='par_1_5' title="bbox 359 2274 1433 2485">
     <span class='ocr_line' id='line_1_15' title="bbox 359 2274 1426 2375; baseline -0.002 -25"><span class='ocrx_word' id='word_1_96' title='bbox 359 2277 577 2368; x_wconf 88' lang='lat' dir='ltr'>Neustriam,</span> <span class='ocrx_word' id='word_1_97' title='bbox 607 2301 648 2347; x_wconf 90' lang='lat' dir='ltr'>ac</span> <span class='ocrx_word' id='word_1_98' title='bbox 675 2275 721 2347; x_wconf 89' lang='lat' dir='ltr'>ab</span> <span class='ocrx_word' id='word_1_99' title='bbox 747 2300 791 2346; x_wconf 90' lang='lat' dir='ltr'>eo</span> <span class='ocrx_word' id='word_1_100' title='bbox 817 2274 1065 2347; x_wconf 89' lang='lat' dir='ltr'>decentissime</span> <span class='ocrx_word' id='word_1_101' title='bbox 1087 2276 1259 2375; x_wconf 87' lang='lat' dir='ltr'>excipitur</span> <span class='ocrx_word' id='word_1_102' title='bbox 1284 2279 1426 2369; x_wconf 90' lang='lat' dir='ltr'>Parisii,</span> 
     </span>
     <span class='ocr_line' id='line_1_16' title="bbox 359 2385 1433 2485; baseline 0.002 -27"><span class='ocrx_word' id='word_1_103' title='bbox 359 2387 571 2478; x_wconf 79' lang='lat' dir='ltr'>Aurelianis,</span> <span class='ocrx_word' id='word_1_104' title='bbox 604 2389 769 2475; x_wconf 88' lang='lat' dir='ltr'>Camoti,</span> <span class='ocrx_word' id='word_1_105' title='bbox 798 2386 969 2477; x_wconf 88' lang='lat' dir='ltr'>Turonis,</span> <span class='ocrx_word' id='word_1_106' title='bbox 1003 2385 1124 2478; x_wconf 87' lang='lat' dir='ltr'>Bleso,</span> <span class='ocrx_word' id='word_1_107' title='bbox 1152 2387 1300 2484; x_wconf 91' lang='lat' dir='ltr'>aliisque</span> <span class='ocrx_word' id='word_1_108' title='bbox 1318 2413 1433 2485; x_wconf 85' lang='lat' dir='ltr'>¹quarn</span> 
     </span>
    </p>
   </div>
   <div class='ocr_carea' id='block_1_6' title="bbox 357 2502 1432 2620">
    <p class='ocr_par' dir='ltr' id='par_1_6' title="bbox 357 2502 1432 2620">
     <span class='ocr_line' id='line_1_17' title="bbox 357 2502 1432 2620; baseline 0.005 -47"><span class='ocrx_word' id='word_1_109' title='bbox 357 2502 519 2601; x_wconf 89' lang='lat' dir='ltr'>plurimis</span> <span class='ocrx_word' id='word_1_110' title='bbox 542 2503 711 2575; x_wconf 86' lang='lat' dir='ltr'>Neustriae</span> <span class='ocrx_word' id='word_1_111' title='bbox 736 2502 885 2574; x_wconf 92' lang='lat' dir='ltr'>urbibus</span> <span class='ocrx_word' id='word_1_112' title='bbox 912 2502 1137 2600; x_wconf 89' lang='lat' dir='ltr'>oppidisque.</span> <span class='ocrx_word' id='word_1_113' title='bbox 1177 2502 1265 2620; x_wconf 79' lang='lat' dir='ltr'>lude</span> <span class='ocrx_word' id='word_1_114' title='bbox 1287 2530 1432 2603; x_wconf 90' lang='lat' dir='ltr'>quoque</span> 
     </span>
    </p>
   </div>
   <div class='ocr_carea' id='block_1_7' title="bbox 355 2619 1432 3640">
    <p class='ocr_par' dir='ltr' id='par_1_7' title="bbox 355 2619 1432 3640">
     <span class='ocr_line' id='line_1_18' title="bbox 357 2619 1431 2719; baseline 0.005 -30"><span class='ocrx_word' id='word_1_115' title='bbox 357 2643 453 2695; x_wconf 69' lang='lat' dir='ltr'>cum,</span> <span class='ocrx_word' id='word_1_116' title='bbox 467 2619 621 2692; x_wconf 82' lang='lat' dir='ltr'>exercitu</span> <span class='ocrx_word' id='word_1_117' title='bbox 650 2620 686 2688; x_wconf 92' lang='lat' dir='ltr'>in</span> <span class='ocrx_word' id='word_1_118' title='bbox 709 2619 932 2715; x_wconf 79' lang='lat' dir='ltr'>Aquitaniam</span> <span class='ocrx_word' id='word_1_119' title='bbox 960 2619 1132 2690; x_wconf 84' lang='lat' dir='ltr'>feruntur.</span> <span class='ocrx_word' id='word_1_120' title='bbox 1156 2624 1218 2711; x_wconf 84' lang='lat' dir='ltr'>Et,</span> <span class='ocrx_word' id='word_1_121' title='bbox 1244 2623 1431 2719; x_wconf 84' lang='lat' dir='ltr'>praemissis</span> 
     </span>
     <span class='ocr_line' id='line_1_19' title="bbox 356 2734 1432 2834; baseline 0.004 -29"><span class='ocrx_word' id='word_1_122' title='bbox 356 2735 495 2832; x_wconf 84' lang='lat' dir='ltr'>legatis,</span> <span class='ocrx_word' id='word_1_123' title='bbox 517 2760 601 2807; x_wconf 92' lang='lat' dir='ltr'>cum</span> <span class='ocrx_word' id='word_1_124' title='bbox 615 2734 802 2806; x_wconf 90' lang='lat' dir='ltr'>Wilelmus</span> <span class='ocrx_word' id='word_1_125' title='bbox 819 2735 986 2834; x_wconf 90' lang='lat' dir='ltr'>princeps</span> <span class='ocrx_word' id='word_1_126' title='bbox 1004 2757 1191 2806; x_wconf 89' lang='lat' dir='ltr'>occurrere</span> <span class='ocrx_word' id='word_1_127' title='bbox 1204 2735 1335 2826; x_wconf 89' lang='lat' dir='ltr'>nollet,</span> <span class='ocrx_word' id='word_1_128' title='bbox 1357 2739 1432 2809; x_wconf 89' lang='lat' dir='ltr'>Pic-</span> 
     </span>
     <span class='ocr_line' id='line_1_20' title="bbox 357 2850 1429 2950; baseline 0.003 -28"><span class='ocrx_word' id='word_1_129' title='bbox 357 2853 466 2924; x_wconf 91' lang='lat' dir='ltr'>tavim</span> <span class='ocrx_word' id='word_1_130' title='bbox 488 2850 718 2940; x_wconf 90' lang='lat' dir='ltr'>adoriuntur,</span> <span class='ocrx_word' id='word_1_131' title='bbox 745 2852 945 2949; x_wconf 89' lang='lat' dir='ltr'>principem</span> <span class='ocrx_word' id='word_1_132' title='bbox 963 2850 1013 2922; x_wconf 94' lang='lat' dir='ltr'>ibi</span> <span class='ocrx_word' id='word_1_133' title='bbox 1031 2875 1108 2924; x_wconf 89' lang='lat' dir='ltr'>esse</span> <span class='ocrx_word' id='word_1_134' title='bbox 1126 2852 1203 2924; x_wconf 87' lang='lat' dir='ltr'>rati.</span> <span class='ocrx_word' id='word_1_135' title='bbox 1233 2855 1325 2924; x_wconf 92' lang='lat' dir='ltr'>Cum</span> <span class='ocrx_word' id='word_1_136' title='bbox 1345 2879 1429 2950; x_wconf 84' lang='lat' dir='ltr'>ergo</span> 
     </span>
     <span class='ocr_line' id='line_1_21' title="bbox 356 2967 1430 3058; baseline 0.002 -19"><span class='ocrx_word' id='word_1_137' title='bbox 356 2969 529 3042; x_wconf 90' lang='lat' dir='ltr'>exercitus</span> <span class='ocrx_word' id='word_1_138' title='bbox 551 2969 859 3040; x_wconf 90' lang='lat' dir='ltr'>vehementissime</span> <span class='ocrx_word' id='word_1_139' title='bbox 882 2967 1011 3039; x_wconf 91' lang='lat' dir='ltr'>urbem</span> <span class='ocrx_word' id='word_1_140' title='bbox 1037 2983 1222 3058; x_wconf 88' lang='lat' dir='ltr'>attereret,</span> <span class='ocrx_word' id='word_1_141' title='bbox 1251 2984 1287 3041; x_wconf 88' lang='lat' dir='ltr'>et</span> <span class='ocrx_word' id='word_1_142' title='bbox 1308 2969 1430 3041; x_wconf 89' lang='lat' dir='ltr'>diutis-</span> 
     </span>
     <span class='ocr_line' id='line_1_22' title="bbox 356 3077 1429 3177; baseline -0.001 -28"><span class='ocrx_word' id='word_1_143' title='bbox 356 3079 444 3150; x_wconf 89' lang='lat' dir='ltr'>sime</span> <span class='ocrx_word' id='word_1_144' title='bbox 471 3081 630 3177; x_wconf 84' lang='lat' dir='ltr'>pugnam</span> <span class='ocrx_word' id='word_1_145' title='bbox 660 3078 806 3149; x_wconf 90' lang='lat' dir='ltr'>urbanis</span> <span class='ocrx_word' id='word_1_146' title='bbox 837 3077 999 3166; x_wconf 87' lang='lat' dir='ltr'>inferret,</span> <span class='ocrx_word' id='word_1_147' title='bbox 1034 3102 1055 3148; x_wconf 97' lang='lat' dir='ltr'>a</span> <span class='ocrx_word' id='word_1_148' title='bbox 1083 3077 1297 3174; x_wconf 92' lang='lat' dir='ltr'>quibusdam</span> <span class='ocrx_word' id='word_1_149' title='bbox 1327 3080 1429 3175; x_wconf 88' lang='lat' dir='ltr'>regiis</span> 
     </span>
     <span class='ocr_line' id='line_1_23' title="bbox 355 3193 1429 3291; baseline 0 -25"><span class='ocrx_word' id='word_1_150' title='bbox 355 3210 511 3266; x_wconf 90' lang='lat' dir='ltr'>castrum</span> <span class='ocrx_word' id='word_1_151' title='bbox 546 3209 674 3266; x_wconf 88' lang='lat' dir='ltr'>sanctae</span> <span class='ocrx_word' id='word_1_152' title='bbox 713 3193 937 3290; x_wconf 84' lang='lat' dir='ltr'>Radegundis</span> <span class='ocrx_word' id='word_1_153' title='bbox 976 3193 1056 3264; x_wconf 91' lang='lat' dir='ltr'>urbi</span> <span class='ocrx_word' id='word_1_154' title='bbox 1094 3195 1301 3291; x_wconf 84' lang='lat' dir='ltr'>contiguum</span> <span class='ocrx_word' id='word_1_155' title='bbox 1334 3194 1429 3266; x_wconf 90' lang='lat' dir='ltr'>clan-</span> 
     </span>
     <span class='ocr_line' id='line_1_24' title="bbox 355 3311 1429 3409; baseline -0.003 -24"><span class='ocrx_word' id='word_1_156' title='bbox 355 3313 492 3385; x_wconf 86' lang='lat' dir='ltr'>destina</span> <span class='ocrx_word' id='word_1_157' title='bbox 510 3311 703 3409; x_wconf 90' lang='lat' dir='ltr'>irreptione</span> <span class='ocrx_word' id='word_1_158' title='bbox 720 3326 865 3408; x_wconf 89' lang='lat' dir='ltr'>captum</span> <span class='ocrx_word' id='word_1_159' title='bbox 883 3324 989 3406; x_wconf 89' lang='lat' dir='ltr'>atque</span> <span class='ocrx_word' id='word_1_160' title='bbox 1005 3335 1216 3381; x_wconf 89' lang='lat' dir='ltr'>succensum</span> <span class='ocrx_word' id='word_1_161' title='bbox 1230 3325 1294 3382; x_wconf 87' lang='lat' dir='ltr'>est.</span> <span class='ocrx_word' id='word_1_162' title='bbox 1324 3315 1429 3382; x_wconf 92' lang='lat' dir='ltr'>Com-</span> 
     </span>
     <span class='ocr_line' id='line_1_25' title="bbox 355 3426 1429 3526; baseline -0.001 -26"><span class='ocrx_word' id='word_1_163' title='bbox 355 3444 457 3526; x_wconf 88' lang='lat' dir='ltr'>perto</span> <span class='ocrx_word' id='word_1_164' title='bbox 475 3453 562 3500; x_wconf 87' lang='lat' dir='ltr'>vero</span> <span class='ocrx_word' id='word_1_165' title='bbox 584 3428 785 3526; x_wconf 90' lang='lat' dir='ltr'>principem</span> <span class='ocrx_word' id='word_1_166' title='bbox 807 3451 883 3497; x_wconf 93' lang='lat' dir='ltr'>non</span> <span class='ocrx_word' id='word_1_167' title='bbox 906 3427 1045 3516; x_wconf 88' lang='lat' dir='ltr'>adesse,</span> <span class='ocrx_word' id='word_1_168' title='bbox 1072 3426 1217 3498; x_wconf 90' lang='lat' dir='ltr'>tandem</span> <span class='ocrx_word' id='word_1_169' title='bbox 1239 3427 1429 3525; x_wconf 83' lang='lat' dir='ltr'>postduo-</span> 
     </span>
     <span class='ocr_line' id='line_1_26' title="bbox 355 3541 1424 3640; baseline -0.001 -24"><span class='ocrx_word' id='word_1_170' title='bbox 355 3545 631 3617; x_wconf 79' lang='lat' dir='ltr'>rrrmmensium</span> <span class='ocrx_word' id='word_1_171' title='bbox 643 3543 736 3634; x_wconf 90' lang='lat' dir='ltr'>dies,</span> <span class='ocrx_word' id='word_1_172' title='bbox 758 3543 871 3614; x_wconf 87' lang='lat' dir='ltr'>victus</span> <span class='ocrx_word' id='word_1_173' title='bbox 889 3541 1083 3640; x_wconf 87' lang='lat' dir='ltr'>indigentia</span> <span class='ocrx_word' id='word_1_174' title='bbox 1096 3545 1251 3615; x_wconf 88' lang='lat' dir='ltr'>exercitu</span> <span class='ocrx_word' id='word_1_175' title='bbox 1269 3544 1424 3640; x_wconf 87' lang='lat' dir='ltr'>fatigato,</span> 
     </span>
    </p>
   </div>
   <div class='ocr_carea' id='block_1_8' title="bbox 355 3659 915 3857">
    <p class='ocr_par' dir='ltr' id='par_1_8' title="bbox 355 3659 915 3857">
     <span class='ocr_line' id='line_1_27' title="bbox 355 3659 831 3736; baseline -0.008 -2"><span class='ocrx_word' id='word_1_176' title='bbox 355 3661 401 3734; x_wconf 90' lang='lat' dir='ltr'>ab</span> <span class='ocrx_word' id='word_1_177' title='bbox 419 3661 607 3734; x_wconf 88' lang='lat' dir='ltr'>obsidione</span> <span class='ocrx_word' id='word_1_178' title='bbox 626 3659 831 3736; x_wconf 90' lang='lat' dir='ltr'>disceditur.</span> 
     </span>
     <span class='ocr_line' id='line_1_28' title="bbox 865 3807 915 3857; baseline 0.02 -1"><span class='ocrx_word' id='word_1_179' title='bbox 865 3807 915 3857; x_wconf 85' lang='lat' dir='ltr'>tv.</span> 
     </span>
    </p>
   </div>
   <div class='ocr_carea' id='block_1_9' title="bbox 310 3915 1427 4247">
    <p class='ocr_par' dir='ltr' id='par_1_9' title="bbox 310 3915 1427 4247">
     <span class='ocr_line' id='line_1_29' title="bbox 401 3915 1427 4012; baseline 0 -26"><span class='ocrx_word' id='word_1_180' title='bbox 401 3916 587 3988; x_wconf 84' lang='lat' dir='ltr'>Wilebnus</span> <span class='ocrx_word' id='word_1_181' title='bbox 600 3941 685 3988; x_wconf 90' lang='lat' dir='ltr'>vero</span> <span class='ocrx_word' id='word_1_182' title='bbox 705 3917 880 3987; x_wconf 83' lang='lat' dir='ltr'>Arverniae</span> <span class='ocrx_word' id='word_1_183' title='bbox 909 3915 997 3987; x_wconf 88' lang='lat' dir='ltr'>fines</span> <span class='ocrx_word' id='word_1_184' title='bbox 1015 3915 1252 4012; x_wconf 90' lang='lat' dir='ltr'>perlustrans,</span> <span class='ocrx_word' id='word_1_185' title='bbox 1275 3939 1354 4010; x_wconf 87' lang='lat' dir='ltr'>quae</span> <span class='ocrx_word' id='word_1_186' title='bbox 1374 3931 1427 3986; x_wconf 91' lang='lat' dir='ltr'>est</span> 
     </span>
     <span class='ocr_line' id='line_1_30' title="bbox 310 4029 1425 4135; baseline -0.002 -32"><span class='ocrx_word' id='word_1_187' title='bbox 310 4112 316 4135; x_wconf 23' lang='lat' dir='ltr'>f,</span> <span class='ocrx_word' id='word_1_188' title='bbox 355 4032 548 4130; x_wconf 82' lang='lat' dir='ltr'>Aquitaniae</span> <span class='ocrx_word' id='word_1_189' title='bbox 567 4056 668 4131; x_wconf 89' lang='lat' dir='ltr'>pars,</span> <span class='ocrx_word' id='word_1_190' title='bbox 689 4031 735 4103; x_wconf 89' lang='lat' dir='ltr'>ab</span> <span class='ocrx_word' id='word_1_191' title='bbox 753 4031 895 4132; x_wconf 90' lang='lat' dir='ltr'>oppidis</span> <span class='ocrx_word' id='word_1_192' title='bbox 912 4031 1040 4104; x_wconf 87' lang='lat' dir='ltr'>milites</span> <span class='ocrx_word' id='word_1_193' title='bbox 1058 4029 1250 4121; x_wconf 90' lang='lat' dir='ltr'>educebat,</span> <span class='ocrx_word' id='word_1_194' title='bbox 1276 4029 1322 4102; x_wconf 94' lang='lat' dir='ltr'>ad</span> <span class='ocrx_word' id='word_1_195' title='bbox 1336 4056 1425 4129; x_wconf 86' lang='lat' dir='ltr'>pug-</span> 
     </span>
     <span class='ocr_line' id='line_1_31' title="bbox 354 4147 1424 4247; baseline -0.005 -25"><span class='ocrx_word' id='word_1_196' title='bbox 354 4174 439 4222; x_wconf 91' lang='lat' dir='ltr'>nam</span> <span class='ocrx_word' id='word_1_197' title='bbox 466 4150 658 4221; x_wconf 86' lang='lat' dir='ltr'>exercitum</span> <span class='ocrx_word' id='word_1_198' title='bbox 686 4149 865 4247; x_wconf 85' lang='lat' dir='ltr'>colligens.</span> <span class='ocrx_word' id='word_1_199' title='bbox 901 4148 1130 4245; x_wconf 89' lang='lat' dir='ltr'>Collectoque</span> <span class='ocrx_word' id='word_1_200' title='bbox 1152 4147 1189 4218; x_wconf 92' lang='lat' dir='ltr'>in</span> <span class='ocrx_word' id='word_1_201' title='bbox 1215 4172 1335 4244; x_wconf 89' lang='lat' dir='ltr'>regem</span> <span class='ocrx_word' id='word_1_202' title='bbox 1357 4147 1424 4218; x_wconf 80' lang='lat' dir='ltr'>fer-</span> 
     </span>
    </p>
   </div>
   <div class='ocr_carea' id='block_1_10' title="bbox 390 4343 597 4405">
    <p class='ocr_par' dir='ltr' id='par_1_10' title="bbox 390 4343 597 4405">
     <span class='ocr_line' id='line_1_32' title="bbox 390 4343 597 4405; baseline -0.024 -7"><span class='ocrx_word' id='word_1_203' title='bbox 390 4346 398 4377; x_wconf 88' lang='lat'><strong>¹</strong></span> <span class='ocrx_word' id='word_1_204' title='bbox 415 4343 522 4405; x_wconf 82' lang='lat' dir='ltr'>laudum</span> <span class='ocrx_word' id='word_1_205' title='bbox 535 4361 597 4395; x_wconf 81' lang='lat' dir='ltr'>corr.</span> 
     </span>
    </p>
   </div>
   <div class='ocr_carea' id='block_1_11' title="bbox 0 0 1658 5286">
    <p class='ocr_par' dir='ltr' id='par_1_11' title="bbox 0 0 1658 5286">
     <span class='ocr_line' id='line_1_33' title="bbox 0 0 1658 5286; baseline 0 6"><span class='ocrx_word' id='word_1_206' title='bbox 0 0 1658 5286; x_wconf 95' lang='lat' dir='ltr'> </span> 
     </span>
    </p>
   </div>
  </div>
 </body>
</html>
