3314 5294
293 464 301 476 ¹
340 513 380 575 88
699 515 865 576 lllCHERl
884 515 960 576 LlB·
984 516 1042 584 ΙΙΙ.

341 645 471 718 Gallias
494 649 544 719 ire
566 646 726 746 parabat.
749 651 827 719 Nec·
846 662 1004 719 moratus
1026 647 1215 746 praemissis
1238 649 1416 720 centurio-

340 767 446 839 nibus
469 768 554 839 ibat.
577 769 728 840 Galliam
749 769 911 840 celticam
931 771 1086 841 exercitu
1105 752 1275 868 implevit.
1298 774 1416 857 Quam

339 889 469 985 partim
488 886 705 976 combussit,
728 888 859 986 partim
878 885 1116 986 depopulatus
1144 903 1208 959 est.
1230 887 1287 957 Sic
1310 888 1416 960 etiarn

339 1029 441 1108 uersa
458 1006 534 1076 vice
551 1004 759 1076 Lotbarium
778 1005 976 1102 adurgem,
999 1031 1043 1077 eo
1066 1006 1167 1104 quod
1185 1004 1337 1077 militum
1357 1031 1417 1078 co-

339 1121 436 1218 piam
458 1147 534 1192 non
556 1122 717 1211 haberet,
743 1123 894 1194 fluvium
916 1127 1119 1220 Sequanam
1143 1125 1293 1196 transire
1322 1149 1417 1195 com·

338 1237 449 1335 pulit,
481 1253 515 1310 et
533 1238 802 1334 gemebundum
827 1241 873 1312 ad
894 1221 1024 1312 ducem
1046 1241 1097 1313 ire
1120 1243 1247 1337 coegit.
1273 1240 1416 1312 Turbati

337 1378 427 1449 ergo
445 1355 634 1452 repentino
656 1354 815 1427 hostium
842 1357 1021 1448 adventu,
1049 1384 1111 1430 rex
1129 1362 1292 1458 Stampas
1315 1358 1413 1450 adiit,

339 1461 420 1541 dux,
442 1471 529 1544 vcro
554 1472 601 1544 ad
630 1473 872 1570 colligendum
902 1477 1097 1547 exercitum
1121 1477 1243 1548 Parisii
1271 1476 1413 1562 resedit.

338 1591 435 1659 Dum
455 1589 531 1660 baec
552 1605 721 1686 aguntur,
748 1593 834 1661 Otto
854 1591 1117 1663 cumexercitu
1135 1609 1327 1691 properat,
1357 1592 1416 1664 fis-

338 1725 493 1797 cumque
511 1702 649 1798 regium
672 1702 880 1773 atiniacum
891 1700 1012 1800 diripit
1030 1719 1137 1800 atque
1155 1702 1355 1794 comburit3
1382 1719 1418 1775 et

337 1842 403 1915 per
426 1816 517 1889 fines
538 1817 637 1888 urbis
666 1818 1077 1909 Remorum‘transieus,
1108 1836 1233 1891 sancto
1257 1805 1416 1918 Remigio

339 1938 493 2009 multum
515 1938 696 2010 bonorem
727 1939 899 2011 exhibuit.
932 1940 1066 2011 Urbem
1095 1966 1241 2039 quoque
1273 1945 1417 2014 Suesso-

338 2080 420 2125 rum
436 2071 722 2155 praetergressuS,
748 2075 782 2126 et
801 2071 964 2126 sanctum
987 2057 1200 2128 Medardum
1220 2083 1414 2149 venerans,

289 2213 291 2217 ·
337 2172 510 2270 palatium
538 2173 824 2271 Compendiense
860 2197 952 2270 pene
996 2171 1153 2272 diripuit.
1188 2179 1260 2246 Nec
1299 2177 1418 2248 minus

338 2289 567 2361 centuriones
586 2291 708 2388 praevii
726 2315 770 2360 eo
786 2277 975 2387 ignorante
997 2306 1126 2362 sanctae
1153 2291 1311 2364 Baltildis
1336 2319 1418 2364 mo-

336 2408 534 2478 nasterium
574 2407 671 2505 apud
708 2405 835 2478 Chelas
875 2408 1018 2506 penitus
1057 2407 1274 2480 subruerunt
1311 2417 1425 2507 atque

339 2528 626 2601 combusserunt.
659 2529 767 2616 Quod
786 2554 861 2601 nou
885 2530 1113 2602 mediocriter
1135 2530 1280 2622 dolens,
1307 2532 1418 2603 multa

339 2647 378 2717 in
400 2647 475 2742 ejus
495 2647 793 2718 restaurationem
813 2629 1183 2743 delegavit.·'Taudem
1204 2647 1250 2719 ad
1269 2649 1418 2722 fluvium

341 2766 543 2860 Sequanam
576 2763 741 2851 accessit,
777 2761 900 2859 ibique
934 2763 1106 2834 exercitus
1140 2766 1293 2838 tentoria
1328 2763 1416 2856 fixit,

341 2879 542 2952 Parisium'
534 2904 570 2949 m
593 2893 788 2977 prospectu
809 2879 946 2950 babens
957 2893 1173 2977 ,totamque
1193 2907 1287 2980 pene
1305 2873 1419 3026 regio·

341 3020 427 3068 nem
444 3021 510 3094 per
528 2993 688 3066 triduum
705 2995 943 3110 depopulatus
964 3012 1030 3068 est

825 3171 936 3222 LXXV.

392 3301 496 3374 lbant
517 3327 605 3398 ergo
623 3304 760 3400 equites
783 3329 867 3374 cum
890 3302 968 3374 lixis
987 3302 1190 3401 palantibus
1213 3303 1260 3374 ad
1286 3302 1420 3374 victum

344 3415 599 3510 deferendum,
623 3418 745 3491 stadiis
768 3435 913 3500 centurn
937 3434 971 3491 et
992 3421 1171 3516 sexaginta
1191 3419 1421 3516 circumqua—

343 3562 426 3634 que.
444 3540 488 3607 Et
501 3538 585 3633 quia
596 3539 760 3634 Sequana
774 3534 1020 3626 interfluebat,
1041 3549 1168 3607 neuter
1186 3533 1359 3607 exercitus
1374 3534 1421 3606 ad

344 3679 382 3726 se
401 3652 604 3726 accedebat.
630 3658 712 3724 Dux
732 3654 891 3756 enimin
919 3652 1028 3723 altera
1049 3651 1149 3722 lluvii
1168 3667 1269 3750 parte
1291 3651 1420 3723 milites

345 3769 552 3868 colligebat3
570 3785 606 3840 at
617 3768 689 3840 boc
705 3768 863 3840 triduum
877 3793 954 3839 non
968 3766 1165 3860 sufficiebat
1184 3768 1230 3840 ad
1250 3769 1420 3866 colligen-

344 3893 476 3964 dorum
495 3889 743 3964 sufficientiam
767 3891 939 3982 militum,
966 3915 1033 3962 neo
1061 3890 1138 3963 fieri
1164 3892 1282 3990 potuit
1317 3891 1421 4040 copia

344 4009 442 4083 unde
460 4005 781 4105 congrederetur&

380 4205 465 4258 ¹cod.
479 4207 534 4258 Nec
549 4205 786 4277 praetermittendus
799 4206 904 4258 videtur
914 4224 1066 4276 congressus
1078 4203 1212 4271 duorum,
1228 4223 1342 4274 qnorum
1356 4205 1421 4256 alter

344 4291 505 4355 Germanus,
520 4292 584 4342 alter
601 4309 663 4342 vero
678 4289 768 4342 Gallus
780 4291 838 4342 fuit.
852 4291 921 4342 Cum
939 4301 1048 4358 uterque
1060 4287 1149 4340 deleta.
