3324 5298
369 487 429 550 242
721 485 888 550 RlCHERl
910 486 985 546 LIB.
1010 487 1064 546 IV.

407 691 506 746 LXVI.
518 721 554 734 -
563 689 667 744 Amulli
681 677 839 762 persuasio*
851 687 886 742 ad
898 688 1071 742 defensores*
1085 701 1115 741 ut
1125 687 1229 742 libere*
1243 689 1389 762 disputent.

412 846 591 934 Arnulfus,
604 844 863 916 Aurelianensis
877 823 1077 943 episcopm,
1092 844 1200 916 dixit:
1218 848 1355 938 «Licet,
1368 873 1433 947 pa-

365 995 383 1033 «
406 979 476 1037 tres
493 961 707 1054 venerandi,
728 961 797 1032 hec
815 961 1009 1033 certissime
1020 987 1058 1033 se
1074 961 1123 1033 sic
1138 961 1310 1054 habeant,
1328 979 1368 1035 ut
1387 965 1435 1036 de

363 1111 381 1152 a
404 1081 550 1153 Amulio
564 1077 1062 1178 predicantursplurimisque
1071 1078 1254 1150 sententiis
1266 1095 1430 1179 patrum,

363 1228 381 1267 a
398 1199 495 1295 justo
508 1197 638 1294 juditio
658 1195 822 1267 damnari
839 1195 972 1285 valeat,
989 1209 1110 1267 tamen
1128 1220 1175 1268 ne
1188 1195 1374 1270 videamur
1386 1198 1433 1271 de

361 1347 379 1384 a
401 1316 515 1388 fratris
528 1315 633 1386 ruina
645 1313 813 1402 letantes,
842 1326 878 1384 et
900 1313 937 1382 in
959 1312 1035 1408 ejus
1054 1311 1284 1387 damnatione
1297 1315 1433 1414 absque

360 1463 378 1504 a
395 1433 492 1529 justo
511 1430 697 1521 ardentes,
720 1428 948 1501 statuendum
972 1431 1156 1502 communi
1174 1430 1318 1504 decreto
1339 1435 1431 1506 arbi·

358 1581 376 1619 a
398 1565 485 1642 tror,
503 1564 543 1622 ut
558 1550 776 1648 quicumque
796 1549 834 1619 in
855 1547 930 1643 ejus
945 1546 1151 1619 defensione
1164 1547 1298 1646 aliquid
1312 1550 1430 1626 dicere

358 1696 375 1736 a
397 1669 534 1759 nititur,
547 1667 668 1738 locum
681 1663 889 1738 defensandi
901 1663 1043 1755 habeat,
1059 1665 1219 1737 revolvat
1231 1667 1427 1762 volumina,

357 1814 374 1853 u
396 1785 553 1883 proferat
573 1797 663 1882 quot
682 1782 759 1854 vult
780 1782 993 1871 sententias,
1017 1796 1123 1880 atque
1141 1784 1265 1855 omnia
1285 1809 1364 1882 quae
1382 1787 1428 1859 ad

355 1932 372 1971 u
395 1885 638 1973 defensionem
658 1899 813 1998 paravit,
837 1897 896 1970 hic
917 1885 1040 1968 coram
1063 1897 1112 1968 nil
1135 1913 1297 1971 metuens
1315 1901 1429 1973 effun-

354 2015 466 2089 «dat.
498 2021 611 2114 Atque
642 2014 713 2085 hoc
735 2012 1025 2085 constituendum
1054 2039 1158 2102 reor,
1186 2029 1227 2086 ut
1258 2016 1350 2088 ultra
1376 2021 1427 2090 eis

354 2161 371 2201 κ
394 2131 605 2205 defensandi
626 2130 726 2202 locus
746 2155 822 2201 non
843 2144 973 2229 pateat.
1003 2131 1068 2202 Hic
1085 2133 1226 2202 tantum
1244 2157 1341 2206 nunc
1362 2157 1424 2207 co·

352 2281 370 2321 u
391 2252 497 2349 gitata
528 2250 682 2322 edicant.
703 2277 720 2314 u
755 2251 854 2318 Tunc
884 2248 1049 2345 Siguinus
1075 2250 1263 2349 episcopus
1288 2253 1423 2324 Amulli

348 2389 480 2447 statum
503 2371 696 2474 approbat,
720 2395 761 2442 ac
785 2369 1021 2475 decretalibus
1041 2371 1236 2444 interdictis
1249 2372 1276 2463 ⁴,
1299 2375 1424 2448 violari

346 2491 496 2564 inhibet.
514 2493 551 2563 Si
563 2492 740 2590 quispiam
757 2513 842 2586 crgo
856 2488 945 2587 quid
964 2488 1081 2562 dicere
1102 2489 1229 2584 habet,
1246 2507 1286 2566 ut
1308 2492 1424 2568 edicat

348 2623 542 2682 ammonet.
1167 2641 1170 2646 ·

492 2973 604 3025 LXVII.
621 3003 646 3011 —
662 2972 783 3024 Defensio
794 2972 826 3007 ἢ
838 2973 1035 3026 scolasticorum
1042 2973 1074 3008 *¹*
1084 2992 1135 3045 pro
1148 2976 1269 3028 Ar'nulfo.

394 3150 534 3217 Etcum
547 3145 667 3244 plures
684 3145 734 3216 ibi
746 3147 964 3238 assisterent,
984 3147 1097 3245 quiin
1112 3147 1421 3222 defensionenite·

345 3279 481 3356 rentur,
505 3263 652 3335 maximi
671 3275 790 3334 tamen
810 3262 1013 3336 defensores
1034 3264 1131 3358 fitere
1148 3264 1294 3337 abbates
1317 3265 1420 3337 Abho

344 3381 588 3470 Floria'censiS,
605 3394 640 3451 et
654 3377 862 3451 Ramnull'us
873 3381 1105 3472 SenonensiS,
1124 3397 1230 3479 atque
1240 3381 1421 3452 iohannes

345 3497 550 3570 scolasticus
574 3494 882 3568 Autisiodorensis.
910 3497 956 3566 Hi
974 3496 1071 3568 enim
1093 3498 1239 3570 scientia
1260 3497 1419 3569 simulet

344 3615 548 3714 eloquentia
571 3615 664 3686 inter
685 3639 769 3686 suos
788 3603 942 3712 insignes
957 3614 1192 3688 habebantur.
1215 3619 1259 3686 Et
1283 3614 1418 3687 indicto

343 3733 496 3824 silentio,
511 3730 688 3802 librorum
707 3730 819 3804 multa
839 3732 1024 3804 volumina
1043 3747 1165 3847 aperta
1178 3747 1283 3823 sunt,
1308 3732 1418 3832 multa

342 3874 488 3950 quoque
502 3875 545 3922 ex
561 3864 704 3948 patrum
718 3848 869 3921 decretis
882 3849 1039 3960 prolata,
1060 3850 1234 3923 nonnulla
1251 3848 1418 3924 etiamad

377 4075 394 4110 *
411 4092 469 4146 per,
483 4073 576 4139 defen,
590 4090 633 4124 ere
646 4071 753 4125 abscisa.

377 4158 409 4194 *¹*
427 4159 550 4224 Defensi,
569 4157 684 4210 tieorum
696 4156 801 4210 abscisa.

378 4244 386 4276 ¹
406 4242 474 4296 inter
484 4241 629 4296 interdictis
641 4240 697 4293 cod.
713 4240 754 4314 (iu
769 4241 864 4294 ditabus
875 4243 970 4316 lineis).
