3308 5286
375 530 417 592 40
736 527 904 590 RlCHERI
926 526 1001 586 LIB.
1025 527 1085 586 Ill.

317 717 320 722 .
377 674 603 751 «maneant,
629 676 664 732 et
690 659 790 759 quod
816 660 1012 758 pessimum
1033 673 1103 759 est,
1135 660 1268 758 absque
1296 661 1444 734 fratrum

376 802 394 840 α
410 773 665 872 'benedictione
692 793 728 849 et
754 792 899 868 exeant,
928 792 963 849 et
987 778 1062 850 sine
1089 800 1131 848 ea
1154 776 1313 850 redeant.
1340 781 1444 852 Unde

375 921 394 958 «
415 917 490 964 non
509 892 660 967 dubium
683 911 753 986 est,
775 921 837 966 eos
854 895 988 966 facilius
1013 917 1117 992 posse
1140 894 1228 987 falli,
1256 921 1347 993 quos
1374 898 1443 969 fra·

376 1035 394 1073 t<
415 1021 511 1078 trum
525 1011 705 1080 orantium
717 1009 921 1081 benedictio
939 1034 1013 1080 non
1032 1010 1158 1080 munit.
1176 1010 1264 1081 lnde
1277 1027 1331 1083 est
1344 1012 1443 1116 quod

375 1152 393 1191 «
415 1125 600 1222 turpitudo
618 1128 717 1218 vitae,
740 1151 884 1199 morum
904 1127 1076 1224 pravitas,
1097 1127 1322 1226 proprietatis
1339 1153 1444 1226 pecu·

374 1267 392 1306 u
413 1238 519 1333 lium,
546 1242 653 1314 nobis
683 1269 704 1315 a
734 1243 1032 1315 calumniantibus
1059 1244 1304 1315 intenduntur.
1340 1245 1443 1317 Unde

374 1359 396 1422 ι(
413 1358 519 1429 etiam
533 1383 684 1452 necesse
705 1375 777 1451 est‚·
799 1364 839 1431 u't
857 1340 913 1431 his
932 1359 1118 1456 calumniis
1130 1358 1339 1453 subdamur,
1360 1385 1444 1433 oum

374 1474 608 1573 «repulsioni
632 1492 738 1549 testes
771 1477 904 1549 habere
930 1502 1005 1549 non
1029 1479 1219 1575 possimus.
1255 1479 1332 1550 Hoc
1358 1500 1446 1576 quo·

374 1618 391 1657 a
413 1615 484 1687 que
515 1607 632 1664 vestra
653 1618 816 1667 ’censura
844 1594 1045 1693 prohibeat.
1083 1623 1101 1661 u
1136 1581 1291 1667 Sinodus
1318 1595 1439 1667 dixit:

373 1735 391 1773 u
414 1707 658 1781 Prohibeatur.
698 1739 716 1777 n
750 1715 794 1782 Et
828 1711 1069 1783 memorabilis
1098 1711 1393 1810 metropolitanus
1431 1740 1439 1780 ε

373 1849 392 1890 ι(
411 1827 488 1893 Hoc
506 1849 652 1923 quoque
674 1856 693 1895 n
720 1821 875 1924 inquit«
903 1841 1025 1898 nostra
1050 1827 1257 1922 anctoritate
1279 1827 1449 1925 prohibe
1488 1902 1493 1913 ,

372 1967 389 2005 u
411 1963 503 2010 mus.
531 1969 549 2006 u

617 2122 751 2174 XXXVII
755 2161 761 2173 .
777 2095 893 2174 Tertia*
908 2121 1026 2192 primatis
1036 2121 1193 2192 indignatio.

356 2263 358 2266 ’
416 2266 479 2338 His
499 2290 645 2364 quoque
669 2266 803 2365 primas
827 2265 894 2336 alia
913 2265 1139 2361 adjungens:
1169 2294 1186 2332 «
1214 2266 1394 2351 Quoniam
1422 2294 1439 2333 u

367 2381 528 2478 inquit«
563 2379 609 2453 de
644 2381 739 2452 vitiis
760 2380 873 2482 nostri
898 2381 1034 2450 ordinis
1062 2379 1180 2452 dicere
1210 2381 1319 2478 ooepi,
1353 2379 1444 2452 nihil

370 2495 686 2592 «relinquendum
712 2497 853 2594 putavi,
877 2511 917 2566 ut
930 2494 987 2566 his
1008 2495 1153 2585 amotis,
1178 2493 1301 2591 religio
1323 2510 1445 2570 nostra

309 2651 320 2667 ,
370 2613 482 2684 «acsi
506 2611 687 2684 enubilata
699 2599 879 2683 reluceat'
894 2614 985 2681 Sunt
1002 2611 1117 2700 enim,
1140 2610 1308 2707 inquam,
1330 2613 1443 2682 nostri
1499 2707 1503 2714 ι

361 2729 546 2801 «ordinis
571 2717 736 2825 quidam,
764 2727 894 2824 quibus
914 2751 1006 2798 oure
1024 2733 1091 2798 'est
1115 2727 1221 2826 pillea
1249 2728 1364 2798 aurita
1386 2751 1443 2798 ca·

369 2878 387 2917 «
408 2848 474 2945 piti
500 2845 685 2918 manifeste
705 2846 910 2943 imponere,
941 2828 1123 2942 pellesque
1145 2833 1349 2942 peregrinas
1376 2842 1442 2940 pil-

369 2994 387 3033 «
408 2963 466 3035 leo
485 2963 637 3060 regulari
657 2985 883 3086 prepponere,
906 2985 973 3059 pro
1001 2959 1145 3056 abjectae
1162 2964 1269 3032 vestis
1294 2959 1454 3051 habitus

368 3095 523 3152 «vestes
558 3078 772 3150 lautissimas
805 3077 955 3150 induere
970 3078 997 3146 ⁴.
1028 3081 1119 3148 Nam
1150 3077 1287 3148 tunicas
1322 3077 1442 3173 magni

368 3210 546 3296 «emptas
579 3193 776 3295 plurimum
807 3195 978 3292 cupiunt,
1007 3216 1095 3290 quas
1124 3193 1174 3263 sic
1204 3191 1251 3262 ab
1288 3207 1442 3290 utroque

367 3309 386 3412 e
407 3313 517 3386 latere
540 3313 739 3408 stringens,
767 3309 986 3408 manicisque
1014 3325 1049 3381 et
1080 3309 1163 3406 giris
1200 3307 1443 3380 diffluentibus

368 3461 386 3500 a
408 3430 632 3520 diffundunt,
660 3443 699 3500 ut
721 3429 840 3500 artatis
860 3427 1024 3499 clunibus
1047 3442 1082 3499 et
1101 3425 1277 3526 protensis
1300 3425 1442 3497 natibus

368 3579 386 3618 a
407 3549 527 3648 potius
550 3546 784 3619 meretriculis
806 3569 915 3643 quam
937 3542 1162 3616 monachisa
1186 3557 1284 3639 tergo
1311 3542 1442 3614 assimi-

368 3695 386 3734 u
402 3665 536 3740 lentur.
569 3693 587 3731 n

400 3912 417 3948 *l
433 3914 473 3966 Te
485 3913 613 3965 abscisum.

401 4000 485 4072 ¹post
509 3995 618 4050 induere
640 3996 692 4047 hoec
710 3996 825 4067 primitus
845 3995 935 4064 scripta
956 4003 1025 4041 erant
1044 4009 1053 4041 .·
1073 4008 1133 4041 cunr
1149 3989 1215 4040 boni
1233 3989 1329 4058 quique
1351 3989 1442 4060 capitis

364 4106 530 4161 quocumque
542 4087 656 4159 tegmine
665 4084 782 4138 contenti
793 4084 854 4135 sint.
863 4082 898 4133 Hi
909 4098 971 4150 ergo
980 4098 995 4131 a
1003 4079 1128 4149 religiosis
1140 4078 1291 4132 dissidentes
1300 4097 1355 4131 non
1363 4079 1441 4132 sunt?

365 4177 506 4232 cumcuim
519 4178 630 4230 vestium
644 4175 770 4246 dignitate
780 4173 942 4226 delectantur
952 4169 1054 4222 vilium.
1067 4169 1161 4239 procul
1173 4167 1256 4222 dubio
1268 4168 1441 4239 abjectionem

366 4269 437 4324 unde
448 4287 480 4321 ex
493 4281 568 4338 parte
583 4267 674 4337 religio
688 4262 884 4334 'recognoscitur
894 4261 999 4334 penitus
1012 4259 1164 4313 abhorrent.
