3314 5294
349 495 409 554 144
715 491 882 553 lllCHElll
906 493 981 554 LIB.
1007 494 1061 552 IV.

346 643 475 728 praeter
495 609 630 722 justum
658 626 777 724 aliqua
809 625 957 724 indigna
980 626 1108 700 dixisse
1135 628 1336 701 videretur»
1358 635 1429 702 Pro

348 758 449 843 parte
464 757 585 836 tamen
601 742 634 813 ei
647 739 785 813 fautum
800 757 865 832 est,
882 767 949 842 pro
961 758 1063 841 parte
1077 767 1165 815 vero
1179 768 1427 843 suppressum;

348 862 397 931 ita
411 875 545 951 tamen,
565 872 605 930 ut
619 871 654 954 et
666 859 740 956 regi
759 858 888 954 injuria
905 883 983 930 non
996 857 1111 952 fieret,
1128 876 1164 933 et
1175 861 1275 960 operi
1294 861 1431 934 nefario

350 977 423 1052 dux
441 1001 526 1048 non·
539 977 767 1048 consentiens
784 990 938 1074 pareret.
967 979 1040 1047 Rex
1064 992 1166 1050 tanto
1193 978 1315 1049 animo
1342 1003 1431 1076 prae-

352 1119 449 1192 ceps,
460 1095 498 1166 in
513 1091 843 1191 metropolitanum,
860 1107 1044 1191 assumpto
1062 1092 1169 1185 duce,
1180 1083 1265 1165 cum
1275 1094 1430 1165 exercitu

350 1211 472 1283 fertur.
491 1215 609 1310 Ipsam
623 1208 752 1281 urbem
769 1211 1045 1308 appetit,atque
1059 1211 1258 1308 irrumpere
1276 1225 1432 1299 centen-

350 1327 414 1401 dit.
433 1328 630 1399 Primatum
650 1329 774 1420 tamen-
785 1327 935 1398 consilio
953 1312 1059 1418 usus,
1088 1327 1223 1426 legatos
1242 1327 1429 1425 praemisit,

349 1469 415 1542 per
427 1431 520 1542 qltos
533 1457 726 1541 quaereret,
751 1468 798 1514 an
817 1443 1006 1541 episcopus
1023 1445 1200 1516 resisteret
1217 1443 1311 1539 regi,
1327 1466 1373 1514 an
1388 1468 1433 1514 ex

350 1560 500 1658 objectis
511 1549 662 1659 ¹purgari
675 1574 808 1632 statuto
820 1575 986 1659 tempore
1002 1576 1147 1658 paratus
1168 1575 1271 1632 esset.
1292 1561 1329 1631 Si
1346 1584 1433 1631 con-

349 1694 404 1750 tra
421 1667 548 1766 staret,
571 1700 648 1747 sese
669 1699 755 1748 mox
772 1675 1000 1749 obsidionem
1019 1675 1102 1747 urbi
1121 1674 1366 1747 adhibiturum
1379 1674 1434 1746 di-

349 1801 491 1885 cerent,
516 1809 731 1892 captamque
738 1789 872 1865 urb'em
886 1809 972 1865 cum
989 1794 1068 1892 ipso
1086 1792 1190 1865 hoste
1210 1817 1434 1891 compressu·

350 1937 444 1983 rum.
460 1911 594 1982 sivero
608 1909 985 2009 objectisrespondere
995 1911 1071 1982 non
1085 1909 1278 2001 dubitaret,
1290 1903 1433 1982 obsides

350 2029 396 2101 ab
409 2015 454 2102 eo
467 2053 544 2099 sese
558 2042 790 2126 accepturum
807 2027 1085 2125 ducturumque.
1180 2047 1208 2106 ,’
1300 2089 1303 2096 .

817 2213 919 2263 .1v¹
981 2177 989 2198 ³

401 2358 455 2432 nd
477 2359 559 2431 haec
577 2345 902 2459 metropolitanus:
929 2389 947 2428 α
963 2365 1055 2433 Cum
1076 2377 1235 2453 constet,
1255 2391 1272 2430 a
1293 2365 1430 2460 inquit,

357 2504 376 2545 «
390 2455 509 2548 bones
525 2465 699 2573 quosque
713 2500 910 2574 pravorum
931 2476 1119 2590 calumniis
1141 2477 1283 2552 assidue
1305 2477 1435 2576 dilace-

357 2628 375 2667 a
390 2599 474 2690 rari,
495 2623 571 2670 non
589 2599 702 2671 miror
719 2597 960 2696 huiclnjun'ae
976 2599 1100 2702 lecum
1115 2599 1297 2672 accidisse.
1321 2600 1434 2672 Multo
1539 2639 1554 2668 s

357 2715 544 2812 «amplius
567 2737 656 2786 vero
678 2715 811 2804 miror,
841 2717 1004 2813 egregios
1027 2717 1209 2815 principes
1233 2725 1307 2787 tam
1320 2715 1435 2788 ¹facile

358 2825 377 2898 a
391 2843 498 2930 pps'se
510 2829 611 2921 illici,
627 2845 668 2901 ut
686 2823 880 2903 certissime
891 2857 969 2904 esse
980 2830 1148 2922 credant,
1168 2831 1269 2929 quod
1282 2857 1351 2910 nec
1367 2833 1436 2904 sub

358 2976 376 3016 a
389 2947 510 3044 judice
524 2947 570 3018 sit
586 2946 803 3039 discussum,
820 2950 899 3019 etsi
914 2950 953 3019 in
971 2947 1197 3054 discutiendo
1216 2945 1433 3039 conferatur,

358 3093 375 3131 a
393 3062 500 3134 nullis
513 3062 712 3138 rationibus
724 3063 911 3160 probabile
925 3063 998 3136 fiat.
1013 3065 1124 3152 Qilod
1136 3065 1165 3136 si
1175 3062 1309 3138 credita
1319 3064 1438 3136 discu-

359 3210 376 3248 «
393 3195 468 3253 tere
480 3179 634 3280 placuit,
651 3204 716 3250 cur
729 3180 836 3251 armis
849 3193 885 3252 et
899 3183 1056 3278 exercitu
1070 3180 1108 3253 id
1121 3181 1296 3278 exigitur?
1309 3185 1437 3260 Nonne

359 3327 377 3367 α
395 3321 480 3395 ergo
499 3296 568 3369 alia
580 3321 648 3396 pro
664 3295 739 3368 aliis
753 3287 991 3395 nos'cogitare
1004 3297 1139 3371 faciunt
1150 3299 1165 3367 Ρ
1178 3299 1215 3369 si
1225 3283 1271 3370 de
1288 3312 1433 3400 praeter·

360 3445 379 3492 n
395 3416 453 3487 itis
479 3417 611 3513 agitur,
631 3437 766 3510 regum,
779 3412 930 3486 salutem
947 3413 1127 3508 hactenus
1140 3415 1273 3512 optavi.
1301 3419 1437 3486 Eorum

360 3563 379 3602 a
397 3556 508 3631 genus
524 3531 631 3605 colui.
655 3529 862 3628 Principum
882 3556 1029 3629 quoque
1047 3531 1260 3622 commoda,
1284 3547 1352 3628 pro
1374 3555 1438 3602 ra-

360 3677 379 3719 «
394 3651 493 3722 tione
512 3647 639 3720 amavi.
663 3646 700 3716 Si
722 3644 769 3717 de
789 3629 1050 3744 praesentibus,
1071 3647 1163 3744 regis
1185 3647 1284 3744 jussa
1310 3647 1438 3743 exequi

361 3795 379 3833 a
394 3790 470 3836 non
484 3751 628 3851 ur0'r0r3
645 3759 787 3832 obsides
801 3787 893 3858 quos
909 3762 1006 3853 vult,
1020 3761 1144 3852 trado;
1161 3761 1337 3834 rationem
1352 3787 1438 3833 con·

360 3901 386 3950 α’
394 3898 449 3953 tra
462 3881 603 3977 dbjecta
615 3876 801 3950 intendere
812 3904 887 3950 non
900 3879 1038 3952 diller0.
1059 3909 1077 3948 u
1093 3880 1206 3951 Factis
1217 3904 1302 3977 ergo
1315 3880 1438 3965 utrim-

356 4024 429 4097 que
442 3997 657 4086 rationibus,
679 3991 822 4066 obsides
835 3996 953 4088 dedit,
975 4000 1199 4095 Regenerum
1212 3998 1329 4070 virum
1346 3975 1438 4067 'mili-

357 4133 488 4207 tarem,
517 4116 702 4188 nobilitate
727 4131 762 4187 et
786 4114 916 4186 divitiis
944 4115 1100 4205 clarum,
1127 4115 1319 4211 pluresque
1348 4113 1437 4184 alios

356 4232 443 4305 dum
462 4235 536 4331 regi
554 4233 744 4306 sufficeret.
1029 4211 1031 4222 Ι
