3314 5294
347 499 406 559 106
715 494 882 557 ΒΙΟΗΕΒΙ
905 495 980 560 LIB.
1005 496 1064 559 ΙΙΙ.

269 661 273 664 ·
346 659 364 696 «
387 628 525 719 dicare,
550 642 587 699 et
605 627 797 699 advotum
819 629 909 700 mihi
926 628 1004 703 fieri
1021 630 1059 701 id
1078 613 1212 728 petere.
1238 635 1429 729 Hugonem

347 777 364 814 o
386 746 518 818 ducem
530 746 647 817 sciatis
661 770 719 817 me
730 746 904 819 hactenus
914 773 982 846 pro
995 748 1112 819 amico
1126 739 1306 821 habuisse.
1322 753 1429 822 Com-

348 893 366 931 «
387 878 492 963 perto
515 889 602 935 vero
621 863 722 960 quod
740 863 890 937 latenter
909 864 1022 936 hostis
1042 864 1131 935 mihi
1151 880 1264 956 esset,
1288 865 1334 937 ab
1352 866 1428 962 ejus

347 1011 364 1048 «
387 980 622 1053 familiaritate
636 1007 694 1052 me
707 983 938 1074 remotiorem
950 981 1028 1053 feci.
1045 981 1150 1060 Unde
1164 1007 1264 1056 nunc
1277 987 1429 1056 Romam

348 1128 365 1166 a
387 1099 488 1188 iens,
506 1102 680 1171 Ottonem
698 1099 801 1190 adiit,
818 1101 855 1170 in
875 1101 946 1171 mei
965 1100 1242 1190 contumeliam,
1258 1101 1429 1199 regnique

347 1246 364 1283 a
386 1215 506 1288 labem
520 1217 553 1288 ei
570 1216 767 1316 plurimum
785 1243 1032 1316 persuasurus.
1049 1222 1277 1318 Quapropter
1288 1243 1428 1291 summa

346 1363 364 1402 «
388 1357 476 1432 ope,
498 1359 642 1405 summo
663 1334 808 1431 ingenio
831 1335 986 1405 nitimini
1007 1360 1054 1408 ne
1076 1335 1215 1407 evadat.
1242 1336 1328 1408 Vale
1355 1337 1382 1406 ⁴.
1408 1365 1426 1404 n

345 1450 597 1549 Exploratores
616 1452 735 1548 itaque
756 1452 1037 1549 circumquaque
1056 1451 1238 1549 dispositi,
1257 1477 1322 1551 per
1337 1477 1428 1552 prae-

344 1583 450 1668 rupta
464 1569 645 1640 montium
658 1583 694 1639 et
711 1567 962 1666 scopulorum,
979 1593 1044 1666 per
1056 1569 1197 1640 viarum
1209 1569 1336 1658 exitus,
1353 1568 1429 1664 ejus

345 1686 541 1757 adventum
556 1685 846 1784 opperiebantur.

439 1859 608 1912 LXXXVII.
622 1889 659 1899 —
673 1860 741 1910 Item
755 1858 873 1929 Epistola
884 1858 1008 1910 Emmae*
1023 1858 1119 1927 reginae
1133 1857 1168 1909 ad
1187 1869 1298 1908 matrem
1306 1857 1334 1907 *.

394 2002 467 2068 Nec
485 1998 605 2068 minus
616 2002 744 2067 Emma
757 1998 897 2093 regina,
912 1997 1017 2068 matri
1030 2021 1101 2067 suae
1116 1997 1153 2066 in
1166 1995 1264 2067 hunc
1276 1997 1429 2068 modum

346 2115 535 2213 epistolam
554 2113 704 2185 direxit:
726 2143 743 2180 a
760 2112 920 2184 adelaidi
935 2113 1040 2182 matri
1053 2113 1270 2210 imperatrici
1290 2139 1431 2213 semper

348 2262 365 2301 o
387 2246 560 2329 augustae,
589 2235 716 2300 Emma
745 2234 966 2322 Francorum
988 2229 1112 2325 regina
1140 2227 1302 2300 salutem.
1333 2231 1430 2302 Licet

347 2381 365 2419 o
388 2349 503 2421 multo
521 2364 699 2420 terrarum
718 2347 908 2418 interstitio
933 2361 1093 2435 semota,
1124 2360 1244 2417 tamen
1267 2371 1288 2418 a
1316 2361 1430 2418 matre

348 2499 365 2537 κ
388 2467 508 2540 auxilii
524 2468 703 2538 rationem
716 2463 789 2535 filia
803 2480 900 2562 peto.
913 2468 1023 2561 ,Hugo
1038 2463 1113 2534 dux
1127 2463 1264 2534 insidiis
1278 2489 1352 2535 non
1373 2490 1430 2536 so·

348 2617 366 2654 «
387 2586 464 2656 lum
478 2585 579 2680 regni
591 2583 705 2655 nostri
719 2583 900 2680 principes
914 2606 935 2652 a
947 2597 1071 2653 nostra
1090 2580 1261 2654 fidelitate
1280 2585 1427 2674 amovit,

348 2732 366 2770 «
388 2701 452 2772 sed
467 2713 502 2770 et
520 2699 665 2768 fratrem
683 2722 806 2768 meum
821 2699 994 2768 Ottonem
1007 2722 1029 2767 a
1041 2696 1148 2768 nobis
1162 2712 1314 2769 conatur
1332 2722 1430 2769 aver·

348 2850 366 2888 a
387 2834 485 2906 tere;
508 2815 605 2886 unde
624 2829 659 2885 et
677 2818 830 2895 Romam
853 2813 955 2884 illum
980 2813 1078 2884 adiit.
1106 2818 1158 2885 Nc
1183 2840 1268 2911 ergo
1288 2816 1430 2913 penitus

349 2962 367 3000 α
389 2933 443 3003 sui
456 2931 532 3002 voti
544 2954 694 3028 compos
708 2929 896 3026 glorietur,
911 2945 997 3028 peto
1009 2931 1158 3028 supplex
1173 2930 1244 3002 filia
1262 2947 1427 3022 matrem,

350 3077 367 3115 o
390 3063 429 3119 ut
447 3048 485 3117 in
499 3045 714 3118 revertendo
734 3061 852 3117 tantus
865 3046 978 3118 hostis
992 3045 1220 3143 impediatur.
1243 3049 1287 3119 Et
1305 3049 1334 3119 si
1352 3047 1431 3122 fieri

350 3197 367 3234 o
388 3179 520 3264 potest,
543 3180 604 3234 aut
615 3177 740 3263 captus
754 3177 931 3252 teneatur,
947 3177 1009 3234 aut
1026 3164 1184 3260 impunis
1203 3189 1279 3235 non
1292 3165 1427 3238 redeat.

350 3315 367 3351 o
389 3284 460 3357 Sed
472 3308 518 3355 ne
532 3307 597 3354 vos
615 3282 687 3352 suis
701 3281 794 3352 dolis
808 3281 1057 3376 tergiversator
1076 3280 1220 3372 evadat,
1238 3282 1347 3352 totius
1360 3282 1432 3354 for·
1467 3368 1471 3372 .

350 3431 367 3468 r<
389 3425 456 3473 mae
474 3400 568 3471 illius
586 3397 836 3497 inseparabilia
859 3398 1058 3470 accidentia
1075 3396 1179 3468 vobis
1198 3398 1348 3470 indicari
1368 3424 1431 3470 cu-

349 3547 367 3586 «
389 3518 476 3588 ravi.
498 3546 515 3584 »
530 3521 630 3588 Tunc
643 3531 834 3614 prosecuta
843 3515 1046 3606 oculorum,
1065 3515 1219 3605 aurium,
1235 3515 1428 3607 labiorum,

348 3635 512 3706 dentium
531 3659 676 3730 quoque
695 3647 731 3704 et
748 3633 844 3722 nasi,
861 3658 1004 3704 necnon
1019 3648 1055 3705 et
1065 3632 1285 3730 reliquarum
1299 3660 1430 3733 corpo-

348 3753 396 3823 ris
409 3753 566 3852 partium
578 3751 793 3842 accidentia,
804 3749 1000 3822 verborum
1013 3776 1160 3849 quoque
1179 3766 1362 3842 tenorem,
1380 3753 1431 3824 sic

347 3871 512 3968 ignotum
526 3869 740 3960 declaravit,
755 3853 864 3942 uthis
878 3869 986 3965 signis
1004 3869 1187 3967 detegeret
1204 3884 1312 3966 atque
1329 3872 1431 3968 igno·

347 3985 509 4057 rantibus
526 3984 711 4056 indicaret.

384 4180 398 4212 *
419 4196 494 4229 mmae
505 4217 511 4241 ‚
524 4189 590 4229 trem
603 4177 707 4229 abscisa.

387 4279 396 4308 ¹
416 4263 498 4330 VA'L'.
