3324 5298
378 545 441 608 tot
740 545 906 608 lllCHlllll
929 543 1004 608 ΗΒ.
1030 549 1083 609 lV.

375 675 456 749 loca
465 676 536 749 alia
547 678 741 752 exercitum
760 694 960 778 retorquet,
975 695 1012 753 et
1029 695 1153 754 vastat.
1178 685 1262 752 Post
1278 681 1379 777 cujus
1398 681 1452 754 di-

376 818 555 890 gressum,
580 794 661 866 Odo
679 795 696 832 ‘'
712 795 749 866 in
778 796 854 892 ejus
880 811 1011 868 terram
1032 822 1132 870 versa
1156 797 1234 868 vice
1256 799 1449 869 exercitum

374 908 533 1001 induxit,
553 911 652 982 sicin
667 935 709 983 ea
728 911 909 1004 efferatus,
924 929 964 985 ut
977 938 1044 986 nec
1055 914 1236 1011 tugurium
1249 913 1306 986 vel
1318 913 1449 1012 gallum

335 1091 337 1094 .
373 1027 603 1126 relinqueret,
612 1027 752 1101 hostem
763 1055 981 1129 provocans,
995 1045 1030 1103 et
1038 1032 1077 1102 ul
1089 1029 1320 1102 dimicaturus
1332 1031 1452 1103 veniat

373 1144 539 1216 invitans.
551 1145 741 1217 llleautem
751 1148 872 1247 copias
879 1172 955 1219 non
965 1145 1127 1219 sufficere
1135 1147 1203 1218 sibi
1215 1171 1447 1245 cognoscem,

371 1263 585 1359 provocanti
603 1263 725 1353 cessit,
741 1277 848 1362 atque
865 1263 912 1338 ad
930 1289 995 1338 sua
1013 1263 1129 1337 rediit.
1146 1269 1261 1362 Atque
1279 1263 1356 1336 haec
1378 1263 1450 1337 fere

372 1400 438 1474 per
453 1375 653 1452 bieohium.

442 1597 555 1652 LXXX.
566 1629 603 1640 —
613 1599 707 1654 Oratio
719 1601 866 1671 legatorum
879 1597 983 1652 Odonis
994 1597 1067 1670 apud
1078 1597 1191 1670 regem*
1206 1597 1241 1652 de
1251 1597 1378 1652 Miliduni

816 1687 1003 1761 pervasione&

402 1836 505 1912 .Odo
521 1838 659 1912 interea
672 1852 793 1910 castro
813 1819 945 1912 amisso
963 1837 1167 1928 frustratus,
1192 1838 1300 1910 etiam
1319 1839 1358 1912 in
1377 1838 1449 1911 hoc

372 1979 449 2026 sese
462 1955 706 2026 cautissimum
718 1953 891 2026 habehat.
908 1952 1154 2040 Arbitrabatur
1167 1954 1300 2029 etenim
1315 1954 1449 2054 duplici

372 2069 572 2143 calamitate
589 2097 628 2142 se
645 2095 751 2170 posse
769 2070 950 2169 torqueri,
970 2095 1054 2142 cum
1072 2069 1119 2142 de
1135 2071 1240 2142 castri
1257 2072 1448 2146 amissione

371 2187 568 2292 plurimum
595 2188 759 2282 doleret,
789 2202 825 2260 et
852 2212 873 2259 a
895 2212 978 2286 rege
1004 2188 1095 2259 irato
1122 2212 1198 2260 non
1221 2187 1449 2263 mediocriter

371 2305 506 2378 valeret
520 2306 659 2404 urgeri.
683 2305 787 2377 Unde
801 2319 836 2378 et
859 2305 933 2402 regi
956 2303 1091 2401 legatos
1109 2303 1253 2396 direxit,
1273 2331 1339 2404 per
1357 2331 1449 2404 quos

370 2421 449 2496 ‘sese
462 2423 598 2522 optime
610 2422 814 2496 ratiocinari
824 2446 931 2521 posse
944 2420 990 2494 de
1001 2419 1149 2517 objectis
1164 2421 1450 2521 quibuscumque

371 2554 601 2638 suggererett
622 2565 700 2613 sess
725 2541 763 2627 iu
787 2539 889 2612 nullo
917 2539 1051 2636 regiam
1082 2539 1303 2636 majestatem
1330 2539 1450 2614 lesisse

370 2672 619 2748 ostensurum
646 2655 742 2732 side
762 2655 937 2728 Miliduno
957 2670 1094 2752 agatur,
1114 2670 1241 2729 contra
1259 2681 1380 2754 regem
1398 2657 1449 2730 nil

371 2773 458 2844 nuli
476 2772 659 2863 molitum,
675 2796 760 2843 cum
771 2794 846 2842 non
862 2770 938 2868 regi
950 2769 1014 2846 sed
1032 2795 1097 2843 suo
1109 2771 1347 2862 commilitoni
1359 2771 1447 2850 illud

372 2885 592 2977 abstulisset3
614 2886 686 2982 regi
700 2885 790 2955 nihil
807 2885 1019 2982 derogatum
1032 2887 1156 2978 luisse,
1172 2910 1256 2957 cum
1268 2888 1346 2986 ipse
1356 2888 1448 2986 regis

298 3075 300 3080 .
370 3029 472 3102 aeque
484 3005 601 3095 sit,ut
609 3003 668 3075 ille
680 3003 738 3074 cui
748 3001 1079 3100 abstulit,nihilque
1092 3006 1261 3085 interesse
1272 3020 1448 3102 quantum

371 3121 418 3192 ad
436 3121 570 3218 regiam
578 3119 809 3220 dignitatem,
830 3121 1048 3218 quicumque
1065 3135 1203 3211 teneat3
1220 3145 1297 3214 sese
1310 3119 1444 3193 etiam⁸

367 3236 472 3333 justis
485 3227 600 3309 causis
611 3235 649 3308 id
662 3235 818 3308 effecisse
828 3292 837 3327 ,
849 3219 938 3307 cum
951 3235 1041 3315 illud
1053 3260 1074 3307 a
1089 3237 1160 3307 'suis
1173 3237 1445 3336 praecessoribus

371 3352 700 3458 olimpossessum,
721 3352 913 3451 approbari
929 3353 1060 3454 possit3
1088 3352 1185 3428 unde
1204 3353 1312 3425 etiam
1333 3355 1446 3428 videri

368 3471 492 3570 posse,
515 3495 588 3544 ase
606 3470 748 3569 dignius
765 3471 879 3542 teneri
902 3470 1051 3563 debere,
1068 3496 1177 3569 quam
1201 3469 1248 3543 ab
1269 3472 1339 3544 alio
1358 3499 1446 3572 quo-

369 3613 525 3687 cumque
532 3616 545 3684 3
574 3588 721 3677 tandem
745 3589 776 3660 si
796 3588 884 3686 quid
903 3587 1033 3687 piaculi
1057 3587 1282 3681 factumest,
1307 3591 1345 3663 io
1368 3615 1444 3665 sese

367 3731 513 3808 poenam
536 3707 721 3782 dedecoris
745 3706 985 3798 redundasse,
1010 3721 1222 3806 tantumque
1240 3707 1354 3781 scelus
1365 3711 1443 3808 pari

365 3823 563 3922 ignominia
569 3821 785 3894 abstersum:
799 3822 896 3895 unde
905 3820 1081 3896 etfacilius
1090 3821 1156 3896 sihi
1167 3821 1440 3922 indulgendum,

366 3940 518 4038 atquein
526 3928 625 4010 tanta
635 3938 764 4034 injuria
770 3921 922 4037 amplius
929 3938 1164 4038 parcendum.
1176 3942 1262 4034 Rex,
1272 3941 1442 4030 orationis

399 4159 416 4193 ¹¹
433 4175 537 4229 regem,
550 4175 601 4210 one
613 4156 717 4212 abscisa.

403 4243 410 4270 ¹
428 4241 463 4295 O.
476 4240 533 4292 eod.

401 4325 411 4352 ¹
430 4323 548 4400 etiamid
563 4325 636 4396 justis
649 4344 672 4377 c.
686 4323 750 4378 ide.
764 4321 850 4397 codes.
