3318 5292
371 544 431 604 296
731 541 994 610 stellaturas,
1018 545 1072 607 lV.

374 705 391 744 u
414 673 581 750 Otthonis
607 676 763 772 augusti,
788 701 872 756 cum
896 677 1093 756 statuissem
1117 700 1193 746 non
1218 675 1401 749 discedere
1417 702 1442 747 a

374 797 575 869 «clientela
599 799 708 895 patris
738 800 809 872 mei
835 799 929 872 beati
955 798 1203 888 ddalberonis,
1235 800 1280 870 ab
1310 798 1438 871 eodem

373 943 391 981 u
413 914 579 1009 ignorans
602 913 648 984 ad
669 914 906 986 sacerdotium
928 915 1131 1013 praeelectus
1151 941 1249 1008 sum3
1273 930 1378 1013 atque
1400 917 1438 986 in

374 1058 392 1098 u
415 1031 489 1125 ejus
513 1029 668 1112 discessu
693 1029 739 1101 ad
763 1031 979 1121 Dominum,
1000 1056 1120 1103 coram
1143 1031 1335 1103 illustribus
1356 1033 1441 1103 viris

375 1175 392 1214 u
414 1147 552 1218 ferturus
582 1146 737 1224 ecclesiae
763 1162 884 1245 pastor
907 1147 1121 1245 designatus.
1154 1148 1225 1220 Sed
1249 1150 1441 1220 simoniaca

373 1262 552 1335 «haeresis
578 1264 615 1333 in
644 1263 736 1334 Petri
763 1247 937 1335 soliditate
966 1289 1025 1336 me
1057 1279 1208 1342 stantem
1239 1265 1436 1352 inveniens,

373 1407 391 1445 u
414 1376 583 1476 reppulit,
612 1377 796 1447 Arnulfum
818 1377 981 1475 praetulit.
1004 1379 1070 1449 Cui
1091 1393 1210 1451 tamen
1231 1378 1311 1477 plus
1331 1403 1460 1480 quam¹

374 1495 629 1593 «oportuerit,
660 1492 773 1565 fidum
797 1492 1009 1592 obsequium
1035 1496 1190 1594 praebui,
1215 1496 1332 1568 donec
1357 1521 1438 1567 eum

375 1639 393 1677 u
413 1635 477 1707 per
495 1609 626 1681 multos
645 1625 680 1681 et
696 1635 760 1709 per
776 1635 833 1681 me
858 1625 1058 1709 apostatare
1079 1610 1199 1710 palam
1223 1611 1437 1707 intelligens,

374 1724 498 1795 «dato
520 1725 660 1822 repudii
681 1724 820 1815 libello,
840 1750 923 1797 cum
947 1724 1116 1797 omnibus
1144 1727 1214 1798 suis
1243 1727 1444 1825 apostaticis

374 1867 393 1906 u
414 1837 602 1936 dereliqui;
615 1863 690 1909 non
705 1864 784 1937 spe,
800 1865 868 1920 nec
881 1840 1046 1937 pactione
1059 1839 1266 1938 capessendi
1284 1839 1366 1939 ejus
1375 1840 1443 1911 ho·

375 1984 393 2021 u
414 1956 529 2044 noriS,
555 1971 595 2026 ut
614 1956 684 2026 mei
707 1956 824 2028 aemuli
846 1955 987 2045 dicunt,
1014 1956 1077 2026 sed
1103 1957 1336 2030 monstruosis
1362 1981 1446 2055 ope·

301 2144 305 2152 ¹
375 2100 392 2139 u
414 2071 512 2148 ribus
528 2067 668 2144 territus
683 2072 711 2160 ⁴,
728 2073 765 2141 in
785 2070 899 2167 effigie
917 2072 1074 2143 hominis
1091 2072 1270 2170 latitantis.
1294 2075 1373 2144 Non
1391 2073 1444 2143 in·

286 2193 289 2198 '
374 2216 392 2253 r<
414 2212 523 2284 quam
536 2187 617 2259 ideo
632 2187 733 2258 illum
747 2186 939 2283 dereliqui,
955 2188 1019 2260 sed
1032 2213 1078 2260 ne
1091 2188 1181 2259 illud
1193 2179 1443 2287 propheticum

375 2335 393 2372 u
414 2305 631 2376 incurrerem
654 2331 662 2374 ε
689 2305 804 2399 Impio
816 2301 956 2399 prebes
971 2303 1164 2386 auxilium,
1178 2319 1215 2373 et
1229 2305 1273 2374 iis
1286 2307 1349 2400 qui
1363 2303 1442 2374 ode-

375 2451 393 2489 «
415 2437 501 2492 runt
516 2447 572 2490 me
589 2422 746 2506 amicitia
761 2419 943 2518 jungeris,
971 2435 1008 2492 ct
1032 2418 1162 2490 idcirco
1183 2423 1276 2492 iram
1302 2420 1442 2518 quidem

375 2541 564 2608 «Domini
590 2537 792 2608 merebaris.
823 2535 962 2608 Deinde
994 2534 1235 2608 sanctionibus
1266 2537 1443 2609 ecclesias·

376 2685 395 2722 u
415 2655 512 2745 ticis,¹
530 2679 596 2753 per
619 2654 726 2750 longa
748 2669 954 2750 temporum
977 2654 1089 2749 spatia
1110 2655 1277 2751 peractis,
1298 2655 1445 2753 legeque

376 2801 393 2840 u
415 2771 681 2869 perhemptoria
695 2784 961 2858 consummata,
976 2792 1059 2839 cum
1071 2769 1160 2840 nihil
1173 2769 1272 2841 aliud
1282 2776 1442 2860 restaret,

377 2919 394 2955 u
416 2888 484 2958 nisi
509 2902 549 2957 ut
572 2885 758 2981 judiciaria
783 2885 955 2983 principis
987 2899 1161 2983 potestate
1185 2886 1444 2976 coherceretur,

378 3032 396 3070 κ
416 3009 643 3098 et'tanquam
666 3000 853 3072 seditiosus
882 3026 923 3098 ac
954 3001 1093 3073 rebellis
1122 3027 1143 3073 a
1176 3003 1364 3101 principali
1391 3029 1447 3075 ca·

377 3150 395 3188 u
417 3118 542 3224 thedra
560 3133 814 3205 removeretur,
836 3118 912 3215 lege
931 3117 1082 3188 hfricani
1100 3118 1262 3205 concilii,
1279 3121 1407 3190 iterum
1424 3145 1445 3191 a

377 3274 394 3311 u
417 3243 581 3344 fratribus
598 3243 686 3313 meis
700 3257 735 3313 et
750 3243 850 3339 regni
860 3239 1069 3339 primatibus
1085 3256 1281 3313 conventus
1295 3257 1330 3314 et
1347 3268 1445 3313 com·

377 3391 394 3429 u
417 3362 575 3432 monitus
597 3385 697 3449 sum,
718 3374 758 3430 ut
777 3358 919 3431 excluso
937 3373 1097 3455 apostata
1115 3383 1237 3430 curam
1256 3359 1392 3452 discissi
1409 3375 1444 3431 et

377 3509 397 3547 «¹
414 3480 574 3551 dilaniati
588 3479 803 3576 susciperem
816 3475 952 3577 populi.
968 3475 1076 3566 Quod
1089 3460 1234 3572 quidem
1249 3492 1284 3548 et
1301 3477 1363 3548 diu
1377 3478 1443 3549 dis·

378 3627 395 3665 u
409 3596 502 3686 tuli,
522 3610 557 3667 et
574 3610 697 3694 postea
722 3619 797 3665 non
820 3593 902 3664 satis
924 3607 1051 3691 sponte
1076 3592 1253 3690 acquievi,
1273 3594 1444 3690 quoniam

377 3744 395 3782 u
417 3738 496 3810 quae
521 3716 783 3784 tormentorum
805 3733 934 3806 genera
956 3709 1307 3796 mecumitarentur,
1330 3711 1443 3780 omni·

378 3861 395 3900 u
417 3829 535 3901 modis
547 3827 713 3906 intellexi.
730 3831 811 3898 Haec
827 3841 880 3897 est
896 3826 1034 3896 viarum
1048 3849 1209 3896 mearum
1226 3825 1441 3923 simplicitas,

378 3979 397 4020 e
417 3952 493 4022 haec
515 3950 727 4020 innocentiae
748 3949 898 4045 puritas,
914 3962 950 4019 et
973 3971 1096 4018 coram
1113 3947 1271 4021 Domino
1289 3962 1325 4018 et
1342 3946 1444 4018 vobis

378 4099 395 4137 u
417 4067 658 4141 sacerdotibus
675 4069 711 4137 in
729 4066 785 4137 his
798 4065 965 4137 omnibus
980 4065 1115 4136 munda
1130 4065 1356 4136 conscientia.
1376 4094 1392 4130 u

410 4295 417 4325 ¹
437 4312 463 4347 o.
481 4292 579 4344 diaboli
591 4292 691 4344 virtutis
702 4290 731 4344 in
743 4292 783 4342 ed.
