<?xml version="1.0" encoding="UTF-8"?>
<!DOCTYPE html PUBLIC "-//W3C//DTD XHTML 1.0 Transitional//EN"
    "http://www.w3.org/TR/xhtml1/DTD/xhtml1-transitional.dtd">
<html xmlns="http://www.w3.org/1999/xhtml" xml:lang="en" lang="en">
 <head>
  <title>
</title>
<meta http-equiv="Content-Type" content="text/html;charset=utf-8" />
  <meta name='ocr-system' content='tesseract 3.04.00' />
  <meta name='ocr-capabilities' content='ocr_page ocr_carea ocr_par ocr_line ocrx_word'/>
</head>
<body>
  <div class='ocr_page' id='page_1' title='image "./richerhistoired01parigoog_0218.png"; bbox 0 0 3320 5296; ppageno 0'>
   <div class='ocr_carea' id='block_1_1' title="bbox 340 575 1040 638">
    <p class='ocr_par' dir='ltr' id='par_1_1' title="bbox 340 575 1040 638">
     <span class='ocr_line' id='line_1_1' title="bbox 340 575 1040 638; baseline -0.003 -2"><span class='ocrx_word' id='word_1_1' title='bbox 340 579 398 638; x_wconf 83' lang='lat'><strong>188</strong></span> <span class='ocrx_word' id='word_1_2' title='bbox 699 575 865 638; x_wconf 82' lang='lat' dir='ltr'><strong>lllCllElll</strong></span> <span class='ocrx_word' id='word_1_3' title='bbox 888 575 961 638; x_wconf 88' lang='lat' dir='ltr'><strong>LlB.</strong></span> <span class='ocrx_word' id='word_1_4' title='bbox 985 575 1040 635; x_wconf 90' lang='lat' dir='ltr'><strong>IV.</strong></span> 
     </span>
    </p>
   </div>
   <div class='ocr_carea' id='block_1_2' title="bbox 328 698 1403 2556">
    <p class='ocr_par' dir='ltr' id='par_1_2' title="bbox 328 698 1403 2556">
     <span class='ocr_line' id='line_1_2' title="bbox 332 698 1403 802; baseline -0.005 -27"><span class='ocrx_word' id='word_1_5' title='bbox 332 706 430 776; x_wconf 87' lang='lat' dir='ltr'><strong>vitat.</strong></span> <span class='ocrx_word' id='word_1_6' title='bbox 455 702 635 792; x_wconf 91' lang='lat' dir='ltr'><strong>Quiddam</strong></span> <span class='ocrx_word' id='word_1_7' title='bbox 661 728 832 802; x_wconf 87' lang='lat' dir='ltr'><strong>magnum</strong></span> <span class='ocrx_word' id='word_1_8' title='bbox 860 728 936 775; x_wconf 87' lang='lat' dir='ltr'><strong>sese</strong></span> <span class='ocrx_word' id='word_1_9' title='bbox 959 703 1208 774; x_wconf 90' lang='lat' dir='ltr'><strong>ordinaturum</strong></span> <span class='ocrx_word' id='word_1_10' title='bbox 1232 698 1403 788; x_wconf 55' lang='lat' dir='ltr'><strong>mandata</strong></span> 
     </span>
     <span class='ocr_line' id='line_1_3' title="bbox 333 815 1402 916; baseline -0.004 -25"><span class='ocrx_word' id='word_1_11' title='bbox 333 819 483 891; x_wconf 88' lang='lat' dir='ltr'><strong>undeet</strong></span> <span class='ocrx_word' id='word_1_12' title='bbox 511 819 663 891; x_wconf 90' lang='lat' dir='ltr'><strong>multum</strong></span> <span class='ocrx_word' id='word_1_13' title='bbox 687 820 737 892; x_wconf 91' lang='lat' dir='ltr'><strong>eis</strong></span> <span class='ocrx_word' id='word_1_14' title='bbox 764 818 1028 916; x_wconf 86' lang='lat' dir='ltr'><strong>maturandum.</strong></span> <span class='ocrx_word' id='word_1_15' title='bbox 1056 817 1110 889; x_wconf 93' lang='lat' dir='ltr'><strong>Illi</strong></span> <span class='ocrx_word' id='word_1_16' title='bbox 1134 818 1209 889; x_wconf 91' lang='lat' dir='ltr'><strong>sine</strong></span> <span class='ocrx_word' id='word_1_17' title='bbox 1233 815 1402 887; x_wconf 87' lang='lat' dir='ltr'><strong>dilatione</strong></span> 
     </span>
     <span class='ocr_line' id='line_1_4' title="bbox 331 932 1402 1036; baseline -0.004 -29"><span class='ocrx_word' id='word_1_18' title='bbox 331 935 572 1029; x_wconf 84' lang='lat' dir='ltr'><strong>advenerunt,</strong></span> <span class='ocrx_word' id='word_1_19' title='bbox 591 938 629 1008; x_wconf 92' lang='lat' dir='ltr'><strong>in</strong></span> <span class='ocrx_word' id='word_1_20' title='bbox 652 937 825 1035; x_wconf 90' lang='lat' dir='ltr'><strong>obsequio</strong></span> <span class='ocrx_word' id='word_1_21' title='bbox 844 937 1003 1024; x_wconf 87' lang='lat' dir='ltr'><strong>domini,</strong></span> <span class='ocrx_word' id='word_1_22' title='bbox 1027 935 1265 1036; x_wconf 88' lang='lat' dir='ltr'><strong>paratissimos</strong></span> <span class='ocrx_word' id='word_1_23' title='bbox 1285 957 1322 1004; x_wconf 91' lang='lat' dir='ltr'><strong>se</strong></span> <span class='ocrx_word' id='word_1_24' title='bbox 1341 932 1402 1004; x_wconf 89' lang='lat' dir='ltr'><strong>de·</strong></span> 
     </span>
     <span class='ocr_line' id='line_1_5' title="bbox 332 1048 1402 1154; baseline -0.002 -32"><span class='ocrx_word' id='word_1_25' title='bbox 332 1067 582 1127; x_wconf 85' lang='lat' dir='ltr'><strong>monstrantes.</strong></span> <span class='ocrx_word' id='word_1_26' title='bbox 614 1055 778 1126; x_wconf 79' lang='lat' dir='ltr'><strong>Arnulfus</strong></span> <span class='ocrx_word' id='word_1_27' title='bbox 798 1055 866 1126; x_wconf 89' lang='lat' dir='ltr'><strong>alia</strong></span> <span class='ocrx_word' id='word_1_28' title='bbox 883 1079 950 1154; x_wconf 87' lang='lat' dir='ltr'><strong>pro</strong></span> <span class='ocrx_word' id='word_1_29' title='bbox 971 1050 1048 1125; x_wconf 84' lang='lat' dir='ltr'><strong>aliis</strong></span> <span class='ocrx_word' id='word_1_30' title='bbox 1067 1048 1174 1138; x_wconf 86' lang='lat' dir='ltr'><strong>dans,</strong></span> <span class='ocrx_word' id='word_1_31' title='bbox 1202 1049 1301 1148; x_wconf 95' lang='lat' dir='ltr'><strong>quod</strong></span> <span class='ocrx_word' id='word_1_32' title='bbox 1318 1073 1402 1120; x_wconf 85' lang='lat' dir='ltr'><strong>vere</strong></span> 
     </span>
     <span class='ocr_line' id='line_1_6' title="bbox 332 1165 1402 1270; baseline -0.005 -29"><span class='ocrx_word' id='word_1_33' title='bbox 332 1170 477 1242; x_wconf 91' lang='lat' dir='ltr'><strong>molitur</strong></span> <span class='ocrx_word' id='word_1_34' title='bbox 501 1173 643 1270; x_wconf 90' lang='lat' dir='ltr'><strong>penitus</strong></span> <span class='ocrx_word' id='word_1_35' title='bbox 673 1173 881 1245; x_wconf 81' lang='lat' dir='ltr'><strong>dissimulat.</strong></span> <span class='ocrx_word' id='word_1_36' title='bbox 910 1171 964 1244; x_wconf 84' lang='lat' dir='ltr'><strong>Ad</strong></span> <span class='ocrx_word' id='word_1_37' title='bbox 987 1171 1075 1268; x_wconf 91' lang='lat' dir='ltr'><strong>quid</strong></span> <span class='ocrx_word' id='word_1_38' title='bbox 1096 1171 1214 1269; x_wconf 91' lang='lat' dir='ltr'><strong>potius</strong></span> <span class='ocrx_word' id='word_1_39' title='bbox 1241 1165 1402 1239; x_wconf 85' lang='lat' dir='ltr'><strong>intendat</strong></span> 
     </span>
     <span class='ocr_line' id='line_1_7' title="bbox 331 1285 1402 1384; baseline 0 -30"><span class='ocrx_word' id='word_1_40' title='bbox 331 1308 457 1357; x_wconf 92' lang='lat' dir='ltr'><strong>omnes</strong></span> <span class='ocrx_word' id='word_1_41' title='bbox 474 1288 652 1384; x_wconf 83' lang='lat' dir='ltr'><strong>ignorant.</strong></span> <span class='ocrx_word' id='word_1_42' title='bbox 674 1289 744 1360; x_wconf 92' lang='lat' dir='ltr'><strong>Uni</strong></span> <span class='ocrx_word' id='word_1_43' title='bbox 767 1303 905 1360; x_wconf 91' lang='lat' dir='ltr'><strong>tantum</strong></span> <span class='ocrx_word' id='word_1_44' title='bbox 924 1289 969 1360; x_wconf 93' lang='lat' dir='ltr'><strong>de</strong></span> <span class='ocrx_word' id='word_1_45' title='bbox 987 1288 1088 1383; x_wconf 87' lang='lat' dir='ltr'><strong>cujus</strong></span> <span class='ocrx_word' id='word_1_46' title='bbox 1112 1285 1348 1358; x_wconf 80' lang='lat' dir='ltr'><strong>taciturnitate</strong></span> <span class='ocrx_word' id='word_1_47' title='bbox 1366 1298 1402 1354; x_wconf 92' lang='lat' dir='ltr'><strong>et</strong></span> 
     </span>
     <span class='ocr_line' id='line_1_8' title="bbox 330 1398 1402 1496; baseline 0.002 -24"><span class='ocrx_word' id='word_1_48' title='bbox 330 1398 403 1473; x_wconf 89' lang='lat' dir='ltr'><strong>fide</strong></span> <span class='ocrx_word' id='word_1_49' title='bbox 421 1403 496 1476; x_wconf 89' lang='lat' dir='ltr'><strong>non</strong></span> <span class='ocrx_word' id='word_1_50' title='bbox 515 1403 714 1496; x_wconf 83' lang='lat' dir='ltr'><strong>diffidebat,</strong></span> <span class='ocrx_word' id='word_1_51' title='bbox 735 1405 773 1476; x_wconf 95' lang='lat' dir='ltr'><strong>id</strong></span> <span class='ocrx_word' id='word_1_52' title='bbox 792 1421 908 1478; x_wconf 86' lang='lat' dir='ltr'><strong>totum</strong></span> <span class='ocrx_word' id='word_1_53' title='bbox 928 1405 1093 1477; x_wconf 90' lang='lat' dir='ltr'><strong>credulus</strong></span> <span class='ocrx_word' id='word_1_54' title='bbox 1111 1403 1301 1476; x_wconf 86' lang='lat' dir='ltr'><strong>commisit.</strong></span> <span class='ocrx_word' id='word_1_55' title='bbox 1322 1405 1402 1490; x_wconf 89' lang='lat' dir='ltr'><strong>Qua</strong></span> 
     </span>
     <span class='ocr_line' id='line_1_9' title="bbox 330 1502 1402 1621; baseline -0.002 -33"><span class='ocrx_word' id='word_1_56' title='bbox 330 1533 437 1590; x_wconf 90' lang='lat' dir='ltr'><strong>nocte</strong></span> <span class='ocrx_word' id='word_1_57' title='bbox 455 1520 628 1592; x_wconf 85' lang='lat' dir='ltr'><strong>Karolus&#39;</strong></span> <span class='ocrx_word' id='word_1_58' title='bbox 662 1521 936 1596; x_wconf 84' lang='lat' dir='ltr'><strong>intromitendus</strong></span> <span class='ocrx_word' id='word_1_59' title='bbox 950 1504 970 1558; x_wconf 39' lang='lat'><strong>²⁴</strong></span> <span class='ocrx_word' id='word_1_60' title='bbox 995 1535 1086 1593; x_wconf 91' lang='lat' dir='ltr'><strong>esset</strong></span> <span class='ocrx_word' id='word_1_61' title='bbox 1112 1502 1268 1621; x_wconf 81' lang='lat' dir='ltr'><strong>aperuit3</strong></span> <span class='ocrx_word' id='word_1_62' title='bbox 1299 1532 1334 1589; x_wconf 91' lang='lat' dir='ltr'><strong>et</strong></span> <span class='ocrx_word' id='word_1_63' title='bbox 1363 1531 1402 1587; x_wconf 89' lang='lat' dir='ltr'><strong>ut</strong></span> 
     </span>
     <span class='ocr_line' id='line_1_10' title="bbox 330 1633 1402 1734; baseline 0 -30"><span class='ocrx_word' id='word_1_64' title='bbox 330 1648 416 1705; x_wconf 93' lang='lat' dir='ltr'><strong>tunc</strong></span> <span class='ocrx_word' id='word_1_65' title='bbox 433 1651 619 1734; x_wconf 89' lang='lat' dir='ltr'><strong>portarum</strong></span> <span class='ocrx_word' id='word_1_66' title='bbox 639 1638 754 1710; x_wconf 85' lang='lat' dir='ltr'><strong>claves</strong></span> <span class='ocrx_word' id='word_1_67' title='bbox 779 1664 882 1712; x_wconf 86' lang='lat' dir='ltr'><strong>asuo</strong></span> <span class='ocrx_word' id='word_1_68' title='bbox 900 1637 1061 1712; x_wconf 88' lang='lat' dir='ltr'><strong>cervicali</strong></span> <span class='ocrx_word' id='word_1_69' title='bbox 1079 1637 1237 1727; x_wconf 84' lang='lat' dir='ltr'><strong>tolleret,</strong></span> <span class='ocrx_word' id='word_1_70' title='bbox 1260 1633 1402 1708; x_wconf 86' lang='lat' dir='ltr'><strong>urbem·</strong></span> 
     </span>
     <span class='ocr_line' id='line_1_11' title="bbox 330 1751 1401 1854; baseline -0.001 -32"><span class='ocrx_word' id='word_1_71' title='bbox 330 1773 401 1848; x_wconf 92' lang='lat' dir='ltr'><strong>que</strong></span> <span class='ocrx_word' id='word_1_72' title='bbox 420 1755 564 1826; x_wconf 87' lang='lat' dir='ltr'><strong>armatis</strong></span> <span class='ocrx_word' id='word_1_73' title='bbox 586 1758 756 1854; x_wconf 88' lang='lat' dir='ltr'><strong>aperiret,</strong></span> <span class='ocrx_word' id='word_1_74' title='bbox 779 1757 893 1853; x_wconf 89' lang='lat' dir='ltr'><strong>jussit.</strong></span> <span class='ocrx_word' id='word_1_75' title='bbox 915 1761 987 1830; x_wconf 90' lang='lat' dir='ltr'><strong>Nec</strong></span> <span class='ocrx_word' id='word_1_76' title='bbox 1005 1755 1118 1828; x_wconf 93' lang='lat' dir='ltr'><strong>multo</strong></span> <span class='ocrx_word' id='word_1_77' title='bbox 1138 1768 1221 1854; x_wconf 91' lang='lat' dir='ltr'><strong>post</strong></span> <span class='ocrx_word' id='word_1_78' title='bbox 1246 1777 1318 1824; x_wconf 85' lang='lat' dir='ltr'><strong>nox</strong></span> <span class='ocrx_word' id='word_1_79' title='bbox 1343 1751 1401 1822; x_wconf 92' lang='lat' dir='ltr'><strong>cui</strong></span> 
     </span>
     <span class='ocr_line' id='line_1_12' title="bbox 329 1868 1401 1971; baseline 0.005 -32"><span class='ocrx_word' id='word_1_80' title='bbox 329 1868 400 1940; x_wconf 90' lang='lat' dir='ltr'><strong>boc</strong></span> <span class='ocrx_word' id='word_1_81' title='bbox 418 1869 614 1947; x_wconf 88' lang='lat' dir='ltr'><strong>debebatur</strong></span> <span class='ocrx_word' id='word_1_82' title='bbox 630 1874 802 1971; x_wconf 84' lang='lat' dir='ltr'><strong>flagitium</strong></span> <span class='ocrx_word' id='word_1_83' title='bbox 828 1874 938 1946; x_wconf 81' lang='lat' dir='ltr'><strong>alluit.</strong></span> <span class='ocrx_word' id='word_1_84' title='bbox 969 1873 1119 1944; x_wconf 89' lang='lat' dir='ltr'><strong>Karolus</strong></span> <span class='ocrx_word' id='word_1_85' title='bbox 1143 1896 1226 1943; x_wconf 93' lang='lat' dir='ltr'><strong>cum</strong></span> <span class='ocrx_word' id='word_1_86' title='bbox 1246 1869 1401 1944; x_wconf 83' lang='lat' dir='ltr'><strong>exercitu</strong></span> 
     </span>
     <span class='ocr_line' id='line_1_13' title="bbox 330 1985 1396 2088; baseline 0 -33"><span class='ocrx_word' id='word_1_87' title='bbox 330 1998 492 2084; x_wconf 85' lang='lat' dir='ltr'><strong>tempore</strong></span> <span class='ocrx_word' id='word_1_88' title='bbox 517 1988 688 2086; x_wconf 89' lang='lat' dir='ltr'><strong>deputato</strong></span> <span class='ocrx_word' id='word_1_89' title='bbox 711 1989 757 2061; x_wconf 87' lang='lat' dir='ltr'><strong>ad</strong></span> <span class='ocrx_word' id='word_1_90' title='bbox 788 2006 910 2088; x_wconf 87' lang='lat' dir='ltr'><strong>portas</strong></span> <span class='ocrx_word' id='word_1_91' title='bbox 938 1988 1035 2060; x_wconf 92' lang='lat' dir='ltr'><strong>urbis</strong></span> <span class='ocrx_word' id='word_1_92' title='bbox 1062 2001 1259 2059; x_wconf 91' lang='lat' dir='ltr'><strong>nocturnus</strong></span> <span class='ocrx_word' id='word_1_93' title='bbox 1286 1985 1396 2056; x_wconf 74' lang='lat' dir='ltr'><strong>albrit.</strong></span> 
     </span>
     <span class='ocr_line' id='line_1_14' title="bbox 329 2100 1400 2202; baseline 0.001 -31"><span class='ocrx_word' id='word_1_94' title='bbox 329 2100 475 2198; x_wconf 85' lang='lat' dir='ltr'><strong>Algerus</strong></span> <span class='ocrx_word' id='word_1_95' title='bbox 503 2103 733 2202; x_wconf 46' lang='lat' dir='ltr'><strong>presbiter*-</strong></span> <span class='ocrx_word' id='word_1_96' title='bbox 745 2107 795 2176; x_wconf 91' lang='lat' dir='ltr'><strong>sic</strong></span> <span class='ocrx_word' id='word_1_97' title='bbox 814 2107 911 2177; x_wconf 92' lang='lat' dir='ltr'><strong>enim</strong></span> <span class='ocrx_word' id='word_1_98' title='bbox 931 2103 1123 2190; x_wconf 80' lang='lat' dir='ltr'><strong>vocabatur</strong></span> <span class='ocrx_word' id='word_1_99' title='bbox 1139 2139 1190 2160; x_wconf 89' lang='lat'><strong>·-·</strong></span> <span class='ocrx_word' id='word_1_100' title='bbox 1206 2103 1400 2172; x_wconf 85' lang='lat' dir='ltr'><strong>introrsum</strong></span> 
     </span>
     <span class='ocr_line' id='line_1_15' title="bbox 330 2217 1399 2319; baseline 0.001 -32"><span class='ocrx_word' id='word_1_101' title='bbox 330 2241 414 2288; x_wconf 91' lang='lat' dir='ltr'><strong>cum</strong></span> <span class='ocrx_word' id='word_1_102' title='bbox 433 2217 590 2291; x_wconf 88' lang='lat' dir='ltr'><strong>clavibus</strong></span> <span class='ocrx_word' id='word_1_103' title='bbox 608 2246 646 2293; x_wconf 90' lang='lat' dir='ltr'><strong>se</strong></span> <span class='ocrx_word' id='word_1_104' title='bbox 665 2236 875 2319; x_wconf 83' lang='lat' dir='ltr'><strong>pr&#39;aesentem</strong></span> <span class='ocrx_word' id='word_1_105' title='bbox 893 2220 1028 2292; x_wconf 91' lang='lat' dir='ltr'><strong>hahuit.</strong></span> <span class='ocrx_word' id='word_1_106' title='bbox 1049 2224 1078 2290; x_wconf 85' lang='lat' dir='ltr'>A</span> <span class='ocrx_word' id='word_1_107' title='bbox 1095 2245 1169 2317; x_wconf 93' lang='lat' dir='ltr'><strong>quo</strong></span> <span class='ocrx_word' id='word_1_108' title='bbox 1184 2243 1268 2291; x_wconf 88' lang='lat' dir='ltr'><strong>mox</strong></span> <span class='ocrx_word' id='word_1_109' title='bbox 1289 2231 1399 2316; x_wconf 85' lang='lat' dir='ltr'><strong>portae</strong></span> 
     </span>
     <span class='ocr_line' id='line_1_16' title="bbox 328 2333 1402 2436; baseline -0.001 -32"><span class='ocrx_word' id='word_1_110' title='bbox 328 2333 510 2431; x_wconf 82' lang='lat' dir='ltr'><strong>patefactae</strong></span> <span class='ocrx_word' id='word_1_111' title='bbox 523 2351 622 2424; x_wconf 88' lang='lat' dir='ltr'><strong>sunt,</strong></span> <span class='ocrx_word' id='word_1_112' title='bbox 639 2339 883 2436; x_wconf 84' lang='lat' dir='ltr'><strong>exercitusque</strong></span> <span class='ocrx_word' id='word_1_113' title='bbox 897 2337 1131 2408; x_wconf 90' lang='lat' dir='ltr'><strong>intromissus.</strong></span> <span class='ocrx_word' id='word_1_114' title='bbox 1149 2334 1242 2406; x_wconf 87' lang='lat' dir='ltr'><strong>Urbs</strong></span> <span class='ocrx_word' id='word_1_115' title='bbox 1255 2358 1402 2432; x_wconf 86' lang='lat' dir='ltr'><strong>quoque</strong></span> 
     </span>
     <span class='ocr_line' id='line_1_17' title="bbox 328 2451 966 2556; baseline 0.005 -34"><span class='ocrx_word' id='word_1_116' title='bbox 328 2451 590 2548; x_wconf 80' lang='lat' dir='ltr'><strong>apraedonibus</strong></span> <span class='ocrx_word' id='word_1_117' title='bbox 607 2454 746 2556; x_wconf 90' lang='lat' dir='ltr'><strong>direpta</strong></span> <span class='ocrx_word' id='word_1_118' title='bbox 757 2471 793 2532; x_wconf 87' lang='lat' dir='ltr'><strong>et</strong></span> <span class='ocrx_word' id='word_1_119' title='bbox 806 2455 966 2555; x_wconf 85' lang='lat' dir='ltr'><strong>spoliata.</strong></span> 
     </span>
    </p>
   </div>
   <div class='ocr_carea' id='block_1_3' title="bbox 565 2655 1161 2729">
    <p class='ocr_par' dir='ltr' id='par_1_3' title="bbox 565 2655 1161 2729">
     <span class='ocr_line' id='line_1_18' title="bbox 565 2655 1161 2729; baseline -0.002 -19"><span class='ocrx_word' id='word_1_120' title='bbox 565 2657 681 2710; x_wconf 84' lang='lat' dir='ltr'><strong>XXXV.</strong></span> <span class='ocrx_word' id='word_1_121' title='bbox 689 2687 726 2700; x_wconf 89' lang='lat'><em>-</em></span> <span class='ocrx_word' id='word_1_122' title='bbox 734 2659 837 2712; x_wconf 76' lang='lat' dir='ltr'><strong>Amulli</strong></span> <span class='ocrx_word' id='word_1_123' title='bbox 844 2657 861 2692; x_wconf 73' lang='lat'><strong>¹⁵</strong></span> <span class='ocrx_word' id='word_1_124' title='bbox 871 2675 1029 2728; x_wconf 87' lang='lat' dir='ltr'><strong>suorumque</strong></span> <span class='ocrx_word' id='word_1_125' title='bbox 1040 2656 1128 2729; x_wconf 85' lang='lat' dir='ltr'><strong>captio</strong></span> <span class='ocrx_word' id='word_1_126' title='bbox 1135 2655 1161 2709; x_wconf 79' lang='lat'><strong>*.</strong></span> 
     </span>
    </p>
   </div>
   <div class='ocr_carea' id='block_1_4' title="bbox 251 2800 1403 3922">
    <p class='ocr_par' dir='ltr' id='par_1_4' title="bbox 251 2800 1403 3922">
     <span class='ocr_line' id='line_1_19' title="bbox 378 2800 1399 2902; baseline 0.006 -31"><span class='ocrx_word' id='word_1_127' title='bbox 378 2800 482 2872; x_wconf 89' lang='lat' dir='ltr'><strong>Unde</strong></span> <span class='ocrx_word' id='word_1_128' title='bbox 503 2827 587 2874; x_wconf 91' lang='lat' dir='ltr'><strong>cum</strong></span> <span class='ocrx_word' id='word_1_129' title='bbox 610 2804 745 2877; x_wconf 87' lang='lat' dir='ltr'><strong>clamor</strong></span> <span class='ocrx_word' id='word_1_130' title='bbox 766 2831 832 2902; x_wconf 91' lang='lat' dir='ltr'><strong>per</strong></span> <span class='ocrx_word' id='word_1_131' title='bbox 856 2805 983 2878; x_wconf 90' lang='lat' dir='ltr'><strong>urbem</strong></span> <span class='ocrx_word' id='word_1_132' title='bbox 1007 2804 1127 2896; x_wconf 87' lang='lat' dir='ltr'><strong>fieret,</strong></span> <span class='ocrx_word' id='word_1_133' title='bbox 1157 2805 1399 2902; x_wconf 87' lang='lat' dir='ltr'><strong>tumultusque</strong></span> 
     </span>
     <span class='ocr_line' id='line_1_20' title="bbox 328 2915 1400 3023; baseline 0.006 -37"><span class='ocrx_word' id='word_1_134' title='bbox 328 2915 603 2990; x_wconf 90' lang='lat' dir='ltr'><strong>discurrentium</strong></span> <span class='ocrx_word' id='word_1_135' title='bbox 615 2921 709 2992; x_wconf 90' lang='lat' dir='ltr'><strong>cives</strong></span> <span class='ocrx_word' id='word_1_136' title='bbox 733 2921 892 2995; x_wconf 90' lang='lat' dir='ltr'><strong>incautos</strong></span> <span class='ocrx_word' id='word_1_137' title='bbox 914 2923 1096 3012; x_wconf 85' lang='lat' dir='ltr'><strong>excitaret,</strong></span> <span class='ocrx_word' id='word_1_138' title='bbox 1119 2921 1284 2993; x_wconf 74' lang='lat' dir='ltr'><strong>Amulius</strong></span> <span class='ocrx_word' id='word_1_139' title='bbox 1301 2947 1400 3023; x_wconf 90' lang='lat' dir='ltr'><strong>aeque</strong></span> 
     </span>
     <span class='ocr_line' id='line_1_21' title="bbox 329 3031 1400 3136; baseline 0.007 -33"><span class='ocrx_word' id='word_1_140' title='bbox 329 3031 510 3106; x_wconf 88' lang='lat' dir='ltr'><strong>turbatum</strong></span> <span class='ocrx_word' id='word_1_141' title='bbox 540 3035 696 3110; x_wconf 90' lang='lat' dir='ltr'><strong>clamore</strong></span> <span class='ocrx_word' id='word_1_142' title='bbox 720 3064 796 3111; x_wconf 89' lang='lat' dir='ltr'><strong>sese</strong></span> <span class='ocrx_word' id='word_1_143' title='bbox 819 3039 970 3110; x_wconf 89' lang='lat' dir='ltr'><strong>simulat.</strong></span> <span class='ocrx_word' id='word_1_144' title='bbox 999 3042 1042 3111; x_wconf 85' lang='lat' dir='ltr'><strong>Et</strong></span> <span class='ocrx_word' id='word_1_145' title='bbox 1066 3038 1203 3136; x_wconf 84' lang='lat' dir='ltr'><strong>fingens</strong></span> <span class='ocrx_word' id='word_1_146' title='bbox 1237 3041 1372 3110; x_wconf 86' lang='lat' dir='ltr'><strong>metum</strong></span> <span class='ocrx_word' id='word_1_147' title='bbox 1387 3093 1400 3128; x_wconf 66' lang='lat'><strong>‚,</strong></span> 
     </span>
     <span class='ocr_line' id='line_1_22' title="bbox 329 3152 1397 3252; baseline 0.005 -32"><span class='ocrx_word' id='word_1_148' title='bbox 329 3152 456 3222; x_wconf 89' lang='lat' dir='ltr'><strong>turrim</strong></span> <span class='ocrx_word' id='word_1_149' title='bbox 473 3153 574 3251; x_wconf 91' lang='lat' dir='ltr'><strong>petiit</strong></span> <span class='ocrx_word' id='word_1_150' title='bbox 589 3170 696 3252; x_wconf 88' lang='lat' dir='ltr'><strong>atque</strong></span> <span class='ocrx_word' id='word_1_151' title='bbox 710 3154 929 3227; x_wconf 87' lang='lat' dir='ltr'><strong>conscendit.</strong></span> <span class='ocrx_word' id='word_1_152' title='bbox 947 3159 1064 3244; x_wconf 87' lang='lat' dir='ltr'><strong>Quem</strong></span> <span class='ocrx_word' id='word_1_153' title='bbox 1079 3155 1226 3227; x_wconf 87' lang='lat' dir='ltr'><strong>comites</strong></span> <span class='ocrx_word' id='word_1_154' title='bbox 1240 3155 1252 3190; x_wconf 83' lang='lat'><strong>³</strong></span> <span class='ocrx_word' id='word_1_155' title='bbox 1274 3154 1397 3244; x_wconf 85' lang='lat' dir='ltr'><strong>secuti,</strong></span> 
     </span>
     <span class='ocr_line' id='line_1_23' title="bbox 328 3257 1402 3370; baseline 0.004 -34"><span class='ocrx_word' id='word_1_156' title='bbox 328 3281 411 3362; x_wconf 93' lang='lat' dir='ltr'><strong>post</strong></span> <span class='ocrx_word' id='word_1_157' title='bbox 428 3291 465 3338; x_wconf 90' lang='lat' dir='ltr'><strong>se</strong></span> <span class='ocrx_word' id='word_1_158' title='bbox 483 3257 572 3341; x_wconf 86' lang='lat' dir='ltr'><strong>ostia</strong></span> <span class='ocrx_word' id='word_1_159' title='bbox 584 3269 806 3342; x_wconf 88' lang='lat' dir='ltr'><strong>obseravere.</strong></span> <span class='ocrx_word' id='word_1_160' title='bbox 823 3269 973 3342; x_wconf 88' lang='lat' dir='ltr'><strong>Karolus</strong></span> <span class='ocrx_word' id='word_1_161' title='bbox 993 3269 1180 3341; x_wconf 82' lang='lat' dir='ltr'><strong>Arnullbm</strong></span> <span class='ocrx_word' id='word_1_162' title='bbox 1192 3270 1402 3370; x_wconf 89' lang='lat' dir='ltr'><strong>perquirens</strong></span> 
     </span>
     <span class='ocr_line' id='line_1_24' title="bbox 329 3385 1400 3484; baseline 0.003 -32"><span class='ocrx_word' id='word_1_163' title='bbox 329 3407 397 3455; x_wconf 90' lang='lat' dir='ltr'><strong>nec</strong></span> <span class='ocrx_word' id='word_1_164' title='bbox 413 3385 615 3484; x_wconf 87' lang='lat' dir='ltr'><strong>reperiens,</strong></span> <span class='ocrx_word' id='word_1_165' title='bbox 640 3385 786 3459; x_wconf 89' lang='lat' dir='ltr'><strong>ubinam</strong></span> <span class='ocrx_word' id='word_1_166' title='bbox 810 3386 935 3458; x_wconf 87' lang='lat' dir='ltr'><strong>lateret</strong></span> <span class='ocrx_word' id='word_1_167' title='bbox 960 3385 1192 3458; x_wconf 86' lang='lat' dir='ltr'><strong>scrutabatur.</strong></span> <span class='ocrx_word' id='word_1_168' title='bbox 1224 3387 1290 3457; x_wconf 92' lang='lat' dir='ltr'><strong>Cui</strong></span> <span class='ocrx_word' id='word_1_169' title='bbox 1309 3411 1400 3457; x_wconf 76' lang='lat' dir='ltr'><strong>,cum</strong></span> 
     </span>
     <span class='ocr_line' id='line_1_25' title="bbox 329 3499 1402 3598; baseline 0.002 -28"><span class='ocrx_word' id='word_1_170' title='bbox 329 3499 542 3597; x_wconf 86' lang='lat' dir='ltr'><strong>proderetur</strong></span> <span class='ocrx_word' id='word_1_171' title='bbox 557 3503 594 3574; x_wconf 93' lang='lat' dir='ltr'><strong>in</strong></span> <span class='ocrx_word' id='word_1_172' title='bbox 618 3504 723 3575; x_wconf 90' lang='lat' dir='ltr'><strong>turris</strong></span> <span class='ocrx_word' id='word_1_173' title='bbox 745 3503 930 3598; x_wconf 77' lang='lat' dir='ltr'><strong>cacumine</strong></span> <span class='ocrx_word' id='word_1_174' title='bbox 947 3501 1078 3594; x_wconf 89' lang='lat' dir='ltr'><strong>latere,</strong></span> <span class='ocrx_word' id='word_1_175' title='bbox 1111 3503 1201 3574; x_wconf 92' lang='lat' dir='ltr'><strong>ostio</strong></span> <span class='ocrx_word' id='word_1_176' title='bbox 1222 3499 1310 3572; x_wconf 82' lang='lat' dir='ltr'><strong>mox&#39;</strong></span> <span class='ocrx_word' id='word_1_177' title='bbox 1324 3527 1402 3572; x_wconf 93' lang='lat' dir='ltr'><strong>cus-</strong></span> 
     </span>
     <span class='ocr_line' id='line_1_26' title="bbox 330 3615 1402 3716; baseline 0.003 -29"><span class='ocrx_word' id='word_1_178' title='bbox 330 3615 432 3688; x_wconf 92' lang='lat' dir='ltr'><strong>todes</strong></span> <span class='ocrx_word' id='word_1_179' title='bbox 447 3618 621 3691; x_wconf 88' lang='lat' dir='ltr'><strong>adhibuit.</strong></span> <span class='ocrx_word' id='word_1_180' title='bbox 638 3625 682 3691; x_wconf 86' lang='lat' dir='ltr'><strong>Et</strong></span> <span class='ocrx_word' id='word_1_181' title='bbox 703 3620 873 3716; x_wconf 89' lang='lat' dir='ltr'><strong>quoniam</strong></span> <span class='ocrx_word' id='word_1_182' title='bbox 891 3645 959 3700; x_wconf 86' lang='lat' dir='ltr'><strong>nec</strong></span> <span class='ocrx_word' id='word_1_183' title='bbox 979 3618 1100 3692; x_wconf 91' lang='lat' dir='ltr'><strong>cibum</strong></span> <span class='ocrx_word' id='word_1_184' title='bbox 1119 3643 1301 3702; x_wconf 29' lang='lat' dir='ltr'><strong>neclarma</strong></span> <span class='ocrx_word' id='word_1_185' title='bbox 1320 3633 1402 3690; x_wconf 87' lang='lat' dir='ltr'><strong>ante</strong></span> 
     </span>
     <span class='ocr_line' id='line_1_27' title="bbox 251 3736 1403 3836; baseline 0.003 -33"><span class='ocrx_word' id='word_1_186' title='bbox 251 3801 259 3812; x_wconf 83' lang='grc'><em>,</em></span> <span class='ocrx_word' id='word_1_187' title='bbox 330 3751 597 3833; x_wconf 85' lang='lat' dir='ltr'><strong>congesserant,</strong></span> <span class='ocrx_word' id='word_1_188' title='bbox 625 3737 756 3808; x_wconf 88' lang='lat' dir='ltr'><strong>Karolo</strong></span> <span class='ocrx_word' id='word_1_189' title='bbox 785 3736 939 3827; x_wconf 88' lang='lat' dir='ltr'><strong>cedunt,</strong></span> <span class='ocrx_word' id='word_1_190' title='bbox 970 3753 1076 3836; x_wconf 91' lang='lat' dir='ltr'><strong>atquc</strong></span> <span class='ocrx_word' id='word_1_191' title='bbox 1109 3762 1130 3810; x_wconf 89' lang='lat' dir='ltr'><strong>a</strong></span> <span class='ocrx_word' id='word_1_192' title='bbox 1156 3737 1242 3809; x_wconf 88' lang='lat' dir='ltr'><strong>turri</strong></span> <span class='ocrx_word' id='word_1_193' title='bbox 1273 3737 1403 3834; x_wconf 84' lang='lat' dir='ltr'><strong>egressi</strong></span> 
     </span>
     <span class='ocr_line' id='line_1_28' title="bbox 332 3865 426 3922; baseline 0.021 -2"><span class='ocrx_word' id='word_1_194' title='bbox 332 3865 426 3922; x_wconf 91' lang='lat' dir='ltr'><strong>sunt.</strong></span> 
     </span>
    </p>
   </div>
   <div class='ocr_carea' id='block_1_5' title="bbox 366 4047 847 4272">
    <p class='ocr_par' dir='ltr' id='par_1_5' title="bbox 366 4047 847 4272">
     <span class='ocr_line' id='line_1_29' title="bbox 366 4047 575 4120; baseline 0 -20"><span class='ocrx_word' id='word_1_195' title='bbox 366 4048 382 4081; x_wconf 76' lang='lat'><em>*</em></span> <span class='ocrx_word' id='word_1_196' title='bbox 402 4047 425 4113; x_wconf 89' lang='lat' dir='ltr'><strong>i,</strong></span> <span class='ocrx_word' id='word_1_197' title='bbox 440 4067 458 4120; x_wconf 91' lang='lat' dir='ltr'><strong>p</strong></span> <span class='ocrx_word' id='word_1_198' title='bbox 470 4048 575 4100; x_wconf 79' lang='lat' dir='ltr'><strong>abscisa.</strong></span> 
     </span>
     <span class='ocr_line' id='line_1_30' title="bbox 367 4125 847 4205; baseline 0.006 -22"><span class='ocrx_word' id='word_1_199' title='bbox 367 4142 373 4163; x_wconf 95' lang='lat'><em>¹</em></span> <span class='ocrx_word' id='word_1_200' title='bbox 395 4125 522 4185; x_wconf 80' lang='lat' dir='ltr'><strong>exercitus</strong></span> <span class='ocrx_word' id='word_1_201' title='bbox 532 4135 695 4205; x_wconf 80' lang='lat' dir='ltr'><strong>supraposito</strong></span> <span class='ocrx_word' id='word_1_202' title='bbox 711 4135 746 4188; x_wconf 85' lang='lat' dir='ltr'><strong>K.</strong></span> <span class='ocrx_word' id='word_1_203' title='bbox 761 4132 847 4186; x_wconf 67' lang='lat' dir='ltr'><strong>codex.</strong></span> 
     </span>
     <span class='ocr_line' id='line_1_31' title="bbox 366 4220 531 4272; baseline 0.006 -1"><span class='ocrx_word' id='word_1_204' title='bbox 366 4222 378 4252; x_wconf 83' lang='lat'><strong>¹</strong></span> <span class='ocrx_word' id='word_1_205' title='bbox 393 4224 430 4271; x_wconf 83' lang='lat' dir='ltr'><strong>ita</strong></span> <span class='ocrx_word' id='word_1_206' title='bbox 444 4220 531 4272; x_wconf 72' lang='lat' dir='ltr'><strong>codex.</strong></span> 
     </span>
    </p>
   </div>
   <div class='ocr_carea' id='block_1_6' title="bbox 368 4310 631 4364">
    <p class='ocr_par' dir='ltr' id='par_1_6' title="bbox 368 4310 631 4364">
     <span class='ocr_line' id='line_1_32' title="bbox 368 4310 631 4364; baseline 0.008 -2"><span class='ocrx_word' id='word_1_207' title='bbox 368 4310 379 4339; x_wconf 81' lang='lat'><strong>³</strong></span> <span class='ocrx_word' id='word_1_208' title='bbox 397 4311 532 4364; x_wconf 88' lang='lat' dir='ltr'><strong>commites</strong></span> <span class='ocrx_word' id='word_1_209' title='bbox 544 4311 631 4364; x_wconf 67' lang='lat' dir='ltr'><strong>codex.</strong></span> 
     </span>
    </p>
   </div>
   <div class='ocr_carea' id='block_1_7' title="bbox 0 0 1664 5296">
    <p class='ocr_par' dir='ltr' id='par_1_7' title="bbox 0 0 1664 5296">
     <span class='ocr_line' id='line_1_33' title="bbox 0 0 1664 5296; baseline 0 0"><span class='ocrx_word' id='word_1_210' title='bbox 0 0 1664 5296; x_wconf 95' lang='lat' dir='ltr'><strong> </strong></span> 
     </span>
    </p>
   </div>
  </div>
 </body>
</html>
