3314 5294
331 479 374 550 74
544 521 547 528 Α
699 483 867 548 uluflssul
889 483 963 548 LlB.
976 484 1048 560 111.

351 665 455 720 LXIII.
478 695 514 708 -
528 663 610 732 Quod
629 682 687 717 non
707 663 798 717 omnia
816 662 929 716 nomina
946 621 1084 716 densarum
1105 662 1213 736 singulis
1233 661 1394 719 dictionibus

537 759 541 762 ’
792 759 949 812 efferuntur.

383 903 578 978 Gerbertus
592 926 738 1000 quoque
755 928 763 971 ε
782 929 800 969 u
819 905 900 972 Non
917 925 1045 974 omnes
1063 928 1083 968 u
1101 901 1216 997 inquit
1236 929 1254 970 u
1276 924 1410 992 eausae,

336 1050 353 1089 a
375 1045 451 1096 uuo
467 1019 587 1094 valent
603 1019 753 1094 nomine
772 1017 936 1116 proferri.
961 1015 1103 1092 Etenim
1121 1043 1206 1090 cum
1226 1017 1414 1092 uPlatone

335 1168 356 1208 a
376 1161 484 1210 cama
498 1139 608 1210 creati
629 1134 757 1209 mundi
775 1159 851 1208 non
870 1161 943 1208 una
959 1135 1023 1208 sed
1036 1135 1150 1210 tribus
1170 1135 1410 1227 dictionibus,

336 1285 354 1324 a
374 1254 473 1328 bona
490 1256 557 1327 Dei
572 1254 740 1328 voluntas
759 1253 937 1326 declarata
958 1255 1014 1344 sit,
1039 1268 1178 1327 constat
1195 1253 1289 1326 hanc
1305 1256 1415 1326 creati

336 1403 354 1441 a
374 1372 503 1444 mundi
518 1396 675 1464 causam,
701 1395 777 1444 non
795 1370 896 1444 aliter
912 1372 1070 1469 potuisse
1091 1371 1256 1470 proferri.
1277 1375 1368 1443 Nam
1386 1374 1415 1444 si

337 1519 356 1559 a
376 1490 521 1563 dixisset
538 1491 761 1562 voluntatem
774 1514 919 1562 causam
932 1514 1009 1562 esse
1023 1489 1168 1581 mundi,
1184 1515 1261 1561 non
1272 1486 1311 1560 id
1323 1504 1416 1561 esset

336 1637 354 1676 α
376 1631 618 1706 consequens3
639 1606 805 1706 quaelibet
829 1609 926 1679 euim
951 1607 1135 1698 voluntas,
1163 1607 1201 1678 id
1218 1632 1294 1678 esse
1315 1607 1414 1680 vide·
1493 1623 1499 1634 ’

335 1755 353 1795 «
373 1741 485 1816 retur,
501 1724 602 1822 quod
611 1751 688 1798 non
698 1725 873 1823 procedit.
891 1752 910 1792 u
924 1728 1038 1822 Atque
1047 1724 1107 1795 hie
1120 1725 1263 1798 Otricus
1278 1750 1286 1796 ε
1306 1753 1324 1792 κ
1341 1725 1377 1796 Si
1395 1752 1413 1792 u

333 1844 448 1941 iuquit
467 1844 570 1918 «Dei
590 1838 814 1918 voluntatem
835 1867 980 1916 causam
1002 1841 1139 1914 conditi
1160 1839 1289 1914 mundi
1315 1839 1418 1914 dixis-

336 1989 355 2026 a
374 1973 445 2050 set,
464 1958 609 2030 brevius
621 1958 769 2054 quidem
781 1972 818 2029 et
830 1957 1046 2030 sufficienter
1059 1956 1197 2028 dictum
1210 1955 1314 2048 soret,
1332 1982 1417 2028 cum

336 2101 575 2173 «numquam
588 2077 656 2147 nisi
674 2074 771 2148 bona
786 2074 891 2146 fuerit
916 2074 981 2145 Dei
1006 2072 1186 2146 voluntas.
1215 2078 1296 2144 Non
1319 2073 1417 2146 enim

337 2223 355 2261 u
377 2207 430 2264 est
441 2193 504 2290 qui
516 2191 651 2263 abnuat
661 2191 798 2263 bonam
812 2216 888 2263 esse
900 2192 967 2263 Dei
981 2189 1217 2262 voluntatem.
1236 2186 1257 2256 ‘u
1272 2194 1316 2262 Et
1330 2194 1418 2262 Ger-

333 2308 484 2382 bertus:
508 2338 526 2378 «
549 2313 590 2379 ln
610 2307 683 2380 hoc
704 2337 722 2376 u
743 2309 860 2407 inquit
878 2338 896 2376 a
920 2307 1062 2406 penitus
1088 2331 1165 2378 non
1192 2289 1413 2381 contradico

337 2456 355 2494 a
377 2426 448 2498 Sed
458 2425 558 2517 vide;
574 2427 658 2524 quia
677 2440 820 2498 constat
837 2429 955 2498 Deum
975 2423 1173 2495 substantia
1186 2424 1418 2498 solummodo

337 2571 355 2609 α
376 2539 536 2632 bonum,
569 2541 766 2639 quamlibet
792 2565 880 2614 vero
908 2555 1110 2613 creaturam
1145 2542 1418 2640 participatione

337 2656 531 2749 «bonam,
565 2658 612 2731 ad
634 2657 711 2755 ejus
733 2663 868 2730 natura
892 2656 1099 2755 qualitatem
1124 2660 1415 2758 exprimendam,

339 2803 356 2840 u
377 2772 476 2846 bona
505 2772 670 2848 additum
691 2788 763 2863 est,
783 2773 885 2870 quod
902 2774 940 2847 id
955 2775 1031 2870 ejus
1045 2776 1234 2873 proprium
1255 2778 1319 2866 sit,
1341 2785 1420 2849 non

338 2916 357 2954 a
377 2887 485 2958 etiam
510 2885 699 2981 cujuslibet
724 2901 904 2960 creaturae.
938 2887 1098 2959 Tandem
1127 2889 1299 2987 quicquid
1329 2889 1419 2963 illud

338 3031 356 3070 a
378 3003 439 3091 sit,
466 3002 504 3073 id
530 3004 608 3074 sine
633 3003 745 3076 dubio
773 3019 931 3095 constat,
970 3029 1046 3076 non
1078 3007 1204 3078 'omnia
1231 3029 1420 3080 causarum

213 3202 217 3207 ¹
338 3148 356 3187 «
377 3119 527 3190 nomina
550 3133 623 3192 u‘na
642 3121 799 3194 dictione
822 3121 974 3220 proferri
993 3139 1110 3220 posse.
1129 3125 1217 3210 Quae
1236 3126 1333 3197 enim
1356 3126 1419 3198 tibi

222 3253 224 3258 ·
339 3266 357 3304 a
377 3234 514 3314 umbrae
533 3261 640 3309 causa
662 3237 825 3310 videtur?
843 3264 891 3311 an
912 3239 989 3312 haec
1004 3265 1077 3312 una
1095 3229 1253 3315 dictione
1271 3244 1419 3318 indicari

340 3382 357 3420 u
378 3351 494 3425 valet?
518 3382 536 3420 u
1201 3352 1205 3360 ¹

570 3515 670 3568 LXIV.
682 3544 719 3556 —
729 3515 796 3582 Que
807 3516 825 3551 l
843 3516 876 3572 rit
886 3515 903 3549 ¹*
919 3534 997 3573 causa
1007 3519 1023 3552 l
1043 3517 1145 3572 umbre
1157 3517 1183 3570 *.

390 3664 500 3738 «Sed
528 3667 611 3738 dico
633 3667 770 3742 umbrae
792 3695 937 3742 causam
956 3696 1032 3743 esse
1057 3696 1188 3771 corpus
1208 3653 1283 3746 luci
1300 3675 1421 3773 objec-

341 3813 359 3851 «
380 3799 470 3856 tum.
495 3786 610 3881 Atque
632 3784 709 3858 haec
732 3786 877 3859 brevius
900 3788 1001 3860 nullo
1021 3789 1133 3861 modo
1158 3789 1228 3862 dici
1251 3790 1356 3864 valet.
1383 3795 1420 3867 si

343 3929 361 3968 a
384 3901 480 3974 enim
495 3925 628 4000 eorpus
640 3902 777 3974 umbrae
792 3895 936 3976 causam
949 3904 1091 3998 dixeris,
1108 3907 1215 3978 nimis
1226 3889 1420 3984 commune

342 4048 361 4087 a
382 4018 573 4118 protulisti.
590 4019 700 4108 Quod
716 4022 746 4091 si
758 4045 890 4120 corpus
900 4021 1083 4120 objectum
1099 4023 1264 4116 volueris,
1281 4026 1319 4098 id
1333 4053 1420 4126 quo·

377 4261 392 4295 *
408 4281 447 4315 ua
456 4302 464 4329 ‚
481 4264 530 4331 sit,
546 4283 577 4331 a,
593 4253 672 4318 umbr
689 4265 795 4317 abscisa.
