3308 5286
372 490 413 554 48
733 492 901 554 RICHERI
924 493 997 556 tm.
1021 494 1079 555 111.

530 1136 629 1192 XLIV.
638 1167 675 1182 -
688 1138 770 1222 Quod
784 1138 871 1192 Atto*
883 1139 974 1192 Romu
988 1138 1129 1192 moratus*
1142 1137 1285 1192 decessit*.

417 1304 489 1372 Nec
507 1299 609 1372 latuit
630 1324 761 1399 papam
789 1299 1023 1373 adolescentis
1049 1298 1241 1390 industria,
1269 1297 1447 1396 simulque

336 1473 344 1494 s
369 1431 405 1488 et
431 1416 592 1489 discendi
617 1417 794 1489 voluntas.
831 1421 874 1488 Et
899 1418 983 1515 quia
1003 1418 1139 1488 musica
1165 1432 1200 1488 et
1226 1419 1446 1490 astronomia

367 1531 405 1603 in
428 1532 526 1606 ltalia
539 1549 625 1604 tunc
649 1534 791 1631 penitus
815 1533 1086 1630 ignorabantur,
1108 1558 1193 1605 mox
1212 1557 1309 1633 papa
1320 1535 1446 1605 Ottoni

366 1649 441 1746 regi
463 1651 661 1721 Germaniae
680 1664 716 1721 et
740 1649 847 1721 ltaliae
871 1675 936 1748 per
958 1649 1114 1747 legatum
1144 1649 1335 1741 indicavit,
1362 1650 1446 1722 illuc
1564 1717 1567 1722 .

366 1765 576 1862 hujusmodi
593 1757 778 1838 advenisse
800 1765 984 1861 juvenem,
1006 1766 1069 1864 qui
1094 1761 1284 1837 mathesim
1308 1767 1445 1864 optime
1512 1815 1518 1843 ·.

366 1881 506 1973 nosset,
535 1906 691 1980 suosque
718 1869 862 1982 strenue
889 1881 1020 1954 docere
1048 1883 1193 1955 valeret.
1228 1887 1312 1954 Mox
1339 1884 1447 1955 etiam

366 1997 413 2070 ab
435 2022 518 2096 rege
544 1985 651 2098 'papae
673 2001 878 2094 suggestum
900 2012 968 2088 est,
995 2013 1035 2069 ut
1063 1998 1233 2094 juvenem
1263 1998 1442 2087 retineret,

365 2112 820 2212 nullumquexregrediendi
839 2112 977 2186 aditum
989 2115 1022 2185 ei
1040 2114 1115 2187 ullo
1129 2113 1241 2186 modo
1254 2113 1440 2214 praeberet.

153 2230 159 2248 '
271 2217 285 2266 ¹*
365 2231 437 2303 Sed
450 2245 485 2303 et
502 2231 587 2303 duci
604 2245 710 2328 atque
735 2231 905 2330 episcopo
924 2231 986 2328 qui
1009 2230 1055 2301 ab
1073 2229 1250 2329 Hispaniis
1271 2253 1446 2301 convene·

303 2405 306 2412 .
366 2363 458 2437 rant,
486 2371 507 2418 a
526 2371 620 2447 papa
641 2346 902 2419 modestissime
920 2344 1101 2438 indioitur,
1123 2370 1244 2443 regem
1261 2345 1353 2418 velle
1377 2343 1444 2416 sibi

362 2465 531 2562 juvenem
550 2462 596 2535 ad
615 2479 756 2562 tempus
770 2464 939 2561 retinere,
961 2487 1003 2533 ac
1022 2487 1098 2534 non
1116 2463 1230 2534 multo
1252 2477 1336 2561 post
1360 2485 1444 2534 eum

365 2605 443 2652 sese
461 2605 545 2651 cum
571 2572 712 2651 honore
735 2579 984 2670 remissurum3
1013 2578 1160 2678 insuper
1181 2578 1288 2650 etiam
1316 2578 1445 2675 gratias

365 2696 450 2768 inde
474 2709 842 2793 recompensaturum.
874 2699 997 2792 ltaque
1025 2693 1108 2765 duci
1140 2718 1182 2765 ac
1207 2693 1378 2806 episcopo
1404 2693 1443 2765 id

364 2835 575 2912 persuasum
602 2821 667 2900 e'st,
693 2824 734 2881 ut
750 2809 822 2881 hoe
844 2824 950 2908 pacto
969 2810 1102 2906 juvene
1121 2809 1289 2901 dimisso,
1319 2809 1388 2908 ipsi
1404 2809 1443 2880 iu

366 2927 552 3026 Hispanias
578 2925 649 2996 'iter
673 2925 947 3026 retorquerent?
967 2925 1108 3021 juvenis
1134 2925 1241 3022 igitur
1270 2923 1367 3023 apud
1383 2948 1444 3023 pa·

364 3067 450 3143 pam
468 3041 625 3133 relictus,
646 3041 692 3112 ab
711 3065 755 3113 eo
773 3042 847 3139 regi
865 3041 1007 3114 oblatus
1026 3057 1089 3114 est.
1107 3044 1178 3130 Qui
1192 3041 1237 3114 de
1257 3057 1332 3113 arte
1350 3042 1435 3113 sua⁴

234 3169 237 3176 “
364 3159 620 3253 interrogatus,
648 3157 687 3228 in
709 3156 861 3229 mathesi
882 3182 920 3229 se
945 3158 1029 3230 satis
1051 3165 1178 3257 posse',
1206 3157 1328 3254 logicae
1354 3181 1441 3229 vero

364 3275 548 3348 scientiam
566 3298 603 3345 se
622 3271 805 3360 addiscere
827 3273 917 3346 velle
941 3273 1138 3373 respondit.
1164 3272 1340 3371 adquam
1357 3273 1442 3370 quia

363 3389 798 3490 perveniremoliebatur‚
827 3415 903 3463 non
922 3389 1014 3466 adeo
1040 3391 1077 3462 in
1104 3389 1271 3465 docendo
1289 3387 1339 3462 ibi
1363 3413 1441 3462 mo·

364 3522 462 3581 ratus
482 3521 546 3580 est.

399 3724 416 3772 *t
433 3736 483 3790 tto,
497 3741 586 3791 mora,
598 3743 610 3777 s
623 3723 727 3778 abscisa.

401 3809 409 3840 ⁸
428 3827 481 3861 vos
492 3806 559 3862 aber.
