3314 5294
368 513 407 571 82
725 509 892 571 mensal
914 509 989 577 LlB.
1014 510 1074 573 lll.

367 642 406 713 id
419 642 601 740 agendum
614 644 719 740 copia
733 642 885 714 militurn
899 667 973 714 non
988 642 1176 734 defecerit3
1193 644 1320 741 gratias
1333 644 1442 715 etiarn

367 785 443 832 sese
462 759 683 858 'quandoque
709 760 953 850 redditurum,
980 761 1010 831 si
1037 759 1076 831 id
1100 760 1201 859 quod
1219 761 1317 860 cupit
1338 785 1442 859 aequo

365 879 486 950 animo
505 878 727 950 adoriantur.

478 1071 579 1125 LXIX.
591 1072 758 1142 -Impetus
770 1069 909 1126 Gallorum
920 1068 1104 1140 spontaneus*
1116 1069 1144 1123 in
1158 1069 1285 1124 Ononem
1293 1071 1320 1126 *.

411 1223 494 1290 Mox
506 1216 580 1289 dux
598 1232 634 1289 et
652 1216 710 1288 alii
722 1216 909 1314 primateS,
932 1216 1008 1287 sine
1025 1215 1247 1288 deliberandi
1262 1218 1439 1290 consulta·

361 1335 479 1421 tione,
500 1331 713 1403 sententiam
731 1330 867 1427 regiam
882 1329 1060 1402 attollunt.
1079 1333 1162 1402 Sese
1180 1347 1309 1431 sponte
1326 1333 1439 1406 ituros

360 1475 444 1522 cum
455 1475 558 1547 rege,
573 1464 608 1521 et
622 1452 794 1521 Ottonem
808 1461 870 1520 aut
887 1447 1230 1547 comprehensuros,
1251 1464 1313 1521 aut
1330 1451 1437 1523 inter·

359 1566 536 1656 facturos,
566 1577 628 1636 aut
651 1562 834 1660 fugaturos
855 1562 1082 1662 pollicentur.
1114 1565 1224 1660 Hujus
1246 1565 1436 1638 consilium

357 1681 508 1779 negotii⁴
527 1679 790 1751 dissimulatum
805 1678 852 1751 ad
863 1694 1163 1778 paucorum’tunc
1177 1682 1340 1753 notitiam
1354 1707 1435 1781 per·

356 1800 478 1871 venire
506 1797 645 1896 potuit,
682 1795 775 1868 adeo
805 1801 846 1866 ut
877 1811 1004 1897 euntes
1038 1821 1212 1893 quorsum
1242 1799 1431 1871 nescirent.

354 1914 523 2014 Tandem¹
537 1912 707 2012 collectus
738 1912 912 1983 exercitus
936 1912 986 1982 sic
1013 1910 1145 1983 densus
1166 1911 1373 2004 incedebat,
1394 1929 1435 1986 ut

355 2045 472 2103 erecta
489 2029 630 2102 hastilia
642 2029 766 2100 lucum
778 2030 900 2129 potius
912 2053 1023 2125 quam
1042 2053 1142 2100 arma
1161 2030 1430 2128 portenderent.

354 2147 433 2240 Ibat
459 2172 544 2245 ergo
571 2171 636 2245 per
659 2171 795 2219 cuneos
817 2146 972 2219 simbolo
996 2146 1196 2218 distinctos.
1223 2152 1315 2219 Cum
1344 2176 1432 2224 vero

352 2264 446 2337 vada
471 2268 578 2335 Mosae
597 2263 895 2354 transmisissent,
933 2265 1161 2336 centuriones
1187 2267 1369 2339 constituti
1397 2285 1434 2342 et

354 2382 515 2480 dispositi
552 2405 618 2479 per
657 2382 836 2451 centurias
870 2383 1043 2452 Ottonem
1085 2405 1160 2452 non
1196 2381 1432 2458 sufficientem

350 2497 484 2570 habere
494 2498 689 2571 exercitum
702 2496 890 2595 diligenter
904 2498 1138 2598 contemplati
1155 2514 1239 2571 sunt
1254 2499 1283 2571 ².
1308 2507 1431 2600 ltaque

352 2614 590 2706 accedebant,
627 2614 850 2710 multamque
874 2615 1036 2712 inopiam
1063 2615 1113 2686 rei
1142 2614 1302 2689 militaris
1333 2619 1431 2719 apud

350 2733 493 2804 hostem
511 2729 766 2828 praedicabant.

847 2874 933 2928 Lxx,

401 3023 490 3106 Quae
509 3017 598 3087 dum
615 3015 663 3086 ad
681 3039 786 3086 aures
805 3014 949 3088 Ottonis
966 3015 1185 3108 referuntur,
1210 3017 1282 3110 ille,
1304 3013 1428 3122 utpote

352 3151 428 3208 erat
449 3133 577 3207 audaci
597 3133 736 3223 animo,
765 3132 974 3204 Lotharium
991 3157 1178 3229 nunquam
1195 3134 1271 3208 haec
1291 3161 1428 3235 aggres-

351 3279 433 3326 sum
461 3249 659 3351 respondit.
695 3254 768 3321 Nec
799 3273 885 3320 vero
914 3250 952 3336 in
979 3273 1059 3320 suas
1087 3265 1206 3349 partes
1235 3251 1427 3340 adventare

350 3371 521 3470 potuisse,
538 3394 623 3439 cum
643 3391 711 3439 nec
729 3366 761 3437 ei
775 3367 879 3465 copia
902 3365 1056 3437 militum
1077 3365 1270 3459 sufficeret,
1296 3395 1363 3442 nec
1381 3372 1427 3446 de

349 3487 422 3560 suis
435 3487 518 3558 satis
531 3485 608 3585 spei
619 3482 780 3555 haberet.
796 3488 840 3554 At
852 3505 936 3554 cum
954 3481 1011 3554 alii
1028 3496 1135 3579 atquc
1151 3484 1426 3561 aliiLotharium

345 3605 422 3702 Jam
457 3603 582 3675 adesse
607 3601 791 3689 dicerent,
823 3615 859 3672 et
883 3601 921 3671 in
946 3625 991 3672 co
1019 3619 1304 3700 perseverarent,
1340 3610 1426 3679 Otto

349 3720 478 3792 dixisse
499 3718 610 3791 fertur
629 3741 667 3789 se
685 3717 733 3790 ad
748 3715 805 3788 his
826 3715 1049 3802 credendum
1069 3717 1171 3788 nullo
1192 3719 1303 3792 modo
1321 3746 1425 3821 posse

348 3836 460 3926 allici,
478 3834 551 3907 nisi
574 3835 650 3932 ipse
673 3856 819 3931 quoque
837 3832 995 3905 videndo
1019 3858 1085 3931 per
1109 3859 1185 3908 sese
1209 3835 1420 3913 addisceret.

381 4075 397 4106 θ
415 4085 556 4142 ontaneus,
569 4071 696 4125 Ottonem
711 4070 815 4124 abscisa.
1137 4113 1140 4118 .

387 4160 394 4188 ¹
414 4178 443 4212 n.
458 4170 570 4212 tractant
581 4171 660 4227 atque
677 4155 803 4210 ordinant
813 4155 883 4210 Galli
897 4155 985 4210 celte.
1000 4155 1081 4221 Quod
1093 4156 1183 4210 deleta.

378 4250 390 4286 ¹
409 4266 430 4298 s.
445 4242 590 4297 Cenmriai
602 4241 620 4293 i.
637 4240 728 4293 deleta.
