3314 5294
215 567 216 572 ,
308 508 347 568 76
669 506 838 569 RICHERI
860 505 936 570 LIB.
961 507 1020 566 lll.

309 668 327 707 «
349 663 420 736 que
437 653 580 710 tantum
594 664 670 731 non
687 640 863 738 procedit,
886 655 1062 738 quantum
1076 639 1122 710 ab
1137 639 1206 711 hac
1221 655 1321 737 parte
1335 663 1388 714 re·

309 756 528 855 «linquitur.
548 761 638 828 Sunt
656 759 753 830 enim
768 782 921 856 corpora
938 757 1132 850 nonnulla,
1154 772 1260 856 atque
1280 759 1386 830 etiam

310 904 328 944 «
349 875 497 958 diversis
510 861 667 971 objecta,
684 900 763 973 quae
774 875 910 947 umbrae
924 867 1031 947 causa
1044 899 1120 947 esse
1133 899 1209 946 non
1220 869 1383 973 possunt.

268 1021 271 1030 ·
310 1019 328 1058 «
347 995 421 1062 Nec
446 989 566 1062 abnuo
591 990 786 1063 multarum
808 1016 929 1064 rerum
947 1014 1082 1088 causas,
1105 990 1251 1087 singulis
1266 990 1388 1062 dictio·

310 1136 328 1174 «
349 1105 455 1177 nibus
469 1107 598 1201 efferri,
621 1108 733 1181 veluti
753 1123 837 1180 sunt
853 1132 983 1207 genera
1000 1133 1079 1205 quae
1095 1108 1298 1205 specierum.
1309 1131 1389 1179 eau-

311 1251 329 1291 «
347 1246 404 1293 sas
427 1203 538 1312 nemo
561 1224 721 1321 ignorat,
748 1224 846 1296 velut
869 1239 923 1296 est
951 1223 1165 1315 substantia,
1196 1225 1386 1321 quantitas,

310 1339 513 1437 «qualitas.
542 1339 618 1412 Alia
642 1365 727 1412 vero
754 1361 830 1411 non
857 1341 1063 1437 simpliciter
1083 1340 1326 1440 proferuntur,
1351 1358 1391 1413 ut

312 1485 329 1524 «
350 1456 522 1528 rationale
537 1456 585 1528 ad
603 1457 767 1530 mortale.
797 1485 815 1524 »

394 1635 480 1694 LXV.
492 1669 529 1682 -
541 1638 615 1706 Quid
627 1636 831 1692 continentius*
849 1637 897 1704 ait,
914 1637 1067 1690 rationale*
1082 1637 1141 1690 an*
1160 1639 1271 1691 mortale
1282 1637 1309 1690 *.

356 1753 456 1832 Tunc
473 1760 719 1833 vehementius
735 1761 879 1832 Otricus
892 1759 1087 1851 admirans,
1107 1761 1175 1831 ait:
1192 1789 1209 1828 «
1228 1763 1282 1831 An
1297 1783 1390 1832 mor-

313 1904 329 1942 «
348 1874 417 1948 tale
432 1878 596 1949 rationali
615 1876 811 1978 supponis?
832 1877 920 1963 Quis
933 1877 1080 1966 nesciat,
1102 1875 1203 1973 quod
1217 1875 1390 1948 rationale

311 2021 329 2061 «
351 1996 469 2066 Deum
490 2009 526 2066 et
546 1995 713 2092 angelum
733 1994 992 2089 hominemque
1011 1992 1220 2084 concludat,
1240 1993 1391 2065 mortale
1449 2005 1452 2012 ’

312 2137 330 2176 «
351 2133 438 2181 vero
457 2124 583 2208 utpote
604 2109 721 2205 majus
732 2124 769 2180 et
782 2101 1024 2181 continentius
1043 2110 1166 2181 omnia
1181 2109 1345 2180 mortalia
1357 2125 1393 2182 et

312 2255 330 2294 «
351 2251 418 2324 per
430 2226 503 2299 hoc
515 2226 655 2299 infinita
668 2219 832 2324 colligati
851 2254 870 2295 n
887 2227 940 2298 Ad
952 2227 1029 2299 haec
1044 2227 1240 2299 Gerbertus
1256 2255 1263 2296 :
1284 2229 1356 2324 «Si
1372 2256 1390 2295 n

308 2343 459 2444 inquit«
481 2343 682 2437 secundum
707 2343 936 2441 Porphirium
958 2345 1065 2441 atque
1091 2345 1275 2437 Boetium,
1307 2344 1392 2417 sub·

314 2488 332 2528 «
353 2461 489 2532 stantiae
503 2460 714 2533 divisionem
728 2485 842 2558 usque
863 2459 910 2542 ad
928 2458 1114 2532 individua
1133 2459 1265 2532 idonea
1283 2463 1391 2558 parti·

314 2606 331 2643 «
353 2577 453 2649 tione
465 2576 722 2675 perpenderes,
737 2576 910 2649 rationale
923 2577 1165 2652 continentius
1176 2601 1286 2676 quam
1296 2603 1393 2650 mor-

314 2722 332 2760 «
354 2693 423 2764 tale
447 2695 523 2766 sine
551 2693 663 2765 dubio
686 2691 859 2782 haberes;
880 2691 989 2790 idque
1010 2693 1178 2790 congruis
1195 2676 1394 2767 rationibus

314 2837 332 2876 «
354 2806 533 2880 enucleari
555 2808 593 2877 in
616 2823 789 2905 promptu
812 2822 876 2879 est.
895 2795 1037 2878 Etenim
1059 2814 1144 2879 oum
1156 2823 1295 2881 constet
1313 2810 1395 2882 sub-

317 2953 334 2992 «
357 2925 524 3020 stantiam
536 2949 647 3021 genus
657 2923 980 3020 generalissimum,
993 2951 1059 3023 per
1071 2924 1276 2999 subalterna
1288 2943 1395 3026 posse

315 3068 333 3107 «
356 3038 467 3110 dividi
485 3063 598 3136 usque
617 3039 664 3110 ad
683 3038 887 3130 individua,
906 3038 1107 3112 videndum
1125 3056 1178 3112 est
1208 3065 1254 3113 an
1273 3045 1396 3116 omnia

192 3259 195 3266 Ι
316 3186 334 3225 «
357 3155 561 3228 subalterna
584 3156 730 3253 singulis
753 3156 969 3228 dictionibus
994 3159 1233 3256 proferantur,
1260 3159 1330 3231 Sed
1359 3161 1397 3231 li-

319 3302 337 3341 «
360 3273 472 3371 quido
487 3287 586 3372 patet
605 3273 673 3345 alia
686 3272 732 3345 de
746 3272 915 3370 siugulis,
936 3271 1004 3345 alia
1026 3273 1072 3346 de
1084 3273 1248 3373 pluribus
1260 3299 1395 3347 nomen

317 3419 335 3458 α
358 3390 491 3463 factum
508 3388 655 3462 habere.
679 3392 733 3461 De
751 3388 915 3487 singulis,
932 3404 972 3460 ut
985 3414 1138 3489 corpus,
1159 3390 1205 3464 de
1218 3390 1393 3490 pluribus,

318 3536 336 3576 «
358 3523 399 3579 ut
410 3503 607 3579 animatum
618 3507 797 3579 sensibile.
818 3507 954 3578 Eadem
969 3534 1115 3606 quoque
1126 3511 1265 3582 ratione
1280 3508 1397 3581 subal-

318 3641 502 3697 «ternum
528 3625 629 3723 quod
650 3641 702 3698 est
723 3625 855 3698 animal
882 3625 1077 3717 rationale,
1104 3626 1321 3724 praedicatur
1351 3625 1397 3697 de

320 3742 519 3839 «subjecto
544 3741 644 3839 quod
669 3757 722 3814 est
751 3742 884 3813 animal
920 3742 1092 3814 rationale
1123 3742 1283 3814 mortale.
1324 3749 1397 3816 Nec

320 3889 338 3926 «
360 3860 455 3954 dico,
472 3858 572 3958 quod
591 3855 763 3932 rationale
782 3858 945 3958 simplex,
962 3860 1174 3958 praedicetur
1186 3860 1231 3933 de
1247 3861 1398 3959 simplici

322 4007 340 4044 «
362 3975 521 4068 mortali;
537 3975 576 4048 id
590 3977 687 4048 enim
700 4002 775 4048 non
788 3977 973 4076 procedit,
988 3977 1052 4050 sed
1065 3979 1238 4077 rationale
1249 3979 1398 4077 inquam

322 4123 339 4161 «
362 4093 506 4165 animali
524 4094 779 4191 conjunctum,
811 4095 1024 4193 predicatur
1050 4095 1095 4169 de
1118 4095 1280 4186 mortali,
1310 4120 1398 4167 con·

355 4286 371 4319 *
390 4287 477 4352 conti,
491 4288 556 4353 tius,
575 4287 643 4354 atio,
661 4307 710 4352 an,
729 4289 779 4340 tale
796 4287 900 4339 abscisa.
