3308 5286
340 488 359 546 a
697 489 862 553 urorum
884 492 959 558 ur.
983 451 1042 554 111ss

339 636 375 693 et
400 621 555 694 exercitu
579 620 793 696 Laudunum
819 627 957 724 repetit.
990 630 1072 699 Dux
1098 650 1183 699 vero
1208 626 1328 698 Parisii
1353 616 1410 698 re·

338 752 462 837 ceptus
467 789 480 828 ,
509 738 547 809 in
580 739 815 835 egritudinem
842 741 995 834 decidit,
1027 766 1099 840 qua
1120 736 1271 816 nimium
1307 725 1411 814 affec·

338 868 411 942 tus,
445 855 524 925 vitae
548 853 659 926 finem
683 859 831 956 accepit.
855 855 1113 957 'sepultusque‘
1128 873 1181 932 est
1206 857 1242 931 in
1268 857 1412 932 basilica

338 971 451 1042 sancti
473 971 624 1042 Dionisii
646 973 810 1045 martiris.
1369 1021 1380 1054 a

597 1207 598 1214 ἵ
718 1135 719 1138 ’
846 1129 897 1181 vr.
1140 1179 1144 1189 .

387 1233 526 1304 Interea
548 1234 681 1304 Ottone
700 1257 783 1336 rege
806 1232 962 1320 Bulizlao
983 1236 1225 1308 Sarmatarum
1248 1233 1323 1332 regi
1341 1231 1415 1306 bel·

339 1344 415 1416 lum
432 1345 625 1438 inferente,
650 1351 853 1446 Ragenerus
871 1349 1019 1448 quidam
1040 1375 1150 1449 quem
1175 1354 1260 1422 Otto
1280 1373 1344 1422 rex
1366 1347 1416 1420 ob
1500 1415 1502 1417 ,

311 1557 315 1564 .
339 1461 540 1534 custodiam
571 1463 609 1536 in
641 1464 779 1563 Belgica
808 1465 1012 1559 dimiserat,
1051 1467 1164 1540 multa
1191 1477 1270 1566 quae
1297 1465 1417 1538 illicita

212 1679 217 1690 ὑ
339 1593 441 1650 erant
461 1579 709 1680 praesumebat.
745 1586 842 1655 Inter
863 1609 942 1682 quae
968 1583 1061 1657 aedes
1084 1583 1199 1682 regias
1225 1598 1262 1656 et
1285 1581 1417 1682 praedia

339 1695 469 1793 regalia
487 1696 676 1796 Gerbergae
693 1699 823 1798 reginae
840 1727 920 1799 quae
940 1701 978 1774 in
997 1700 1138 1800 Belgica
1155 1715 1277 1792 erant,
1306 1701 1417 1772 tiran-

339 1812 420 1884 nica
440 1815 662 1887 temeritate⁴
691 1816 866 1915 pervadit.
895 1818 1027 1928 Regina
1044 1842 1131 1891 vero
1152 1817 1251 1917 apud
1270 1842 1354 1889 suos
1372 1814 1418 1888 de

340 1930 544 2027 repetendis
556 1931 697 2029 praediis
710 1947 746 2004 et
763 1933 897 2043 aedibus
915 1935 1019 2030 regiis
1036 1935 1204 2032 privatim
1216 1933 1419 2007 consultare

341 2069 416 2116 non
440 2045 587 2119 distulit.

834 2159 900 2210 vn.

391 2269 487 2336 lnter
510 2288 601 2362 quos
628 2290 712 2336 cum
735 2280 838 2363 pater
861 2290 962 2339 meus
984 2266 1092 2363 hujus
1115 2267 1168 2338 rei
1194 2265 1421 2365 dispositioni

236 2469 240 2472 ,
343 2384 524 2458 videretur
544 2384 717 2478 idoneus,
744 2386 791 2458 ab
809 2412 853 2460 eo
872 2387 910 2459 id
932 2412 1161 2487 summopere
1178 2387 1421 2461 ordinandum

343 2501 542 2600 petebatur.
569 2502 677 2591 Quod
695 2504 803 2575 etiam
820 2505 897 2602 ipse
915 2503 1184 2603 disponendum
1201 2505 1418 2603 suscipiens:

347 2619 508 2716 «Sinite,
535 2619 664 2716 inquit,
687 2643 754 2717 per
774 2619 850 2691 dies
869 2619 1007 2717 aliquot
1030 2644 1090 2691 me
1106 2619 1202 2691 istud
1221 2619 1419 2720 explorare.

348 2766 366 2805 u
381 2741 426 2806 Et
451 2737 481 2806 si
503 2734 650 2831 quidem
676 2736 808 2806 nostris
830 2735 966 2806 viribus
991 2735 1029 2824 id
1053 2760 1119 2832 par
1145 2735 1271 2826 fuerit,
1296 2735 1424 2833 procul

350 2883 367 2920 u
383 2851 495 2924 dubio
524 2875 589 2949 per
612 2850 684 2923 hoc
713 2852 886 2949 temporis
913 2850 1142 2923 intervallum
1168 2849 1425 2948 contemplabi-

351 2994 476 3040 «mur.
506 2967 559 3040 Ad
577 2967 645 3039 alia
665 2969 808 3039 interim
827 2992 893 3038 vos
917 2967 1014 3066 ipsos
1035 2966 1206 3038 conferte.
1237 2964 1330 3036 lllud
1349 2980 1426 3036 tan·

352 3099 463 3156 «tum
480 3109 502 3154 a
519 3082 652 3155 vobis²
673 3083 898 3182 expediatur,
925 3099 966 3154 ut
989 3084 1018 3154 si
1036 3108 1058 3154 a
1079 3079 1157 3154 Deo
1175 3080 1281 3153 nobis
1299 3082 1351 3155 rei
1369 3107 1427 3179 ge-

353 3231 371 3269 «
386 3197 506 3271 rendae
524 3200 749 3298 oportunitas
771 3199 987 3289 conferatur,
1013 3197 1110 3297 apud
1127 3221 1193 3269 vos
1209 3195 1308 3268 nulla
1325 3221 1427 3269 mora

354 3313 621 3412 «attemptandi
657 3339 748 3412 opus
778 3312 1005 3386 habeatur.»
1041 3312 1099 3383 Sic
1130 3335 1276 3409 quoque
1305 3335 1326 3383 a
1352 3336 1429 3384 sese

353 3429 460 3502 soluti
480 3443 574 3501 sunt.

837 3537 916 3589 vm.

403 3651 507 3718 Pater
533 3668 634 3716 meus
659 3645 779 3742 itaque
804 3645 851 3718 ad
877 3642 1054 3742 oppidum
1077 3634 1237 3741 praedicti
1259 3643 1430 3740 Regeneri

357 3762 456 3862 quod
474 3760 602 3832 dicitur
619 3760 1013 3851 Mons-castrati·loci³,
1042 3757 1105 3832 ubi
1122 3760 1229 3832 etiam
1246 3783 1338 3832 uxor
1355 3749 1431 3854 ejus

359 3911 441 3958 cum
466 3880 609 3954 duobus
634 3880 715 3952 filiis
743 3882 861 3980 paruis
890 3881 1113 3974 morabatur,
1146 3881 1323 3986 quosdam
1349 3903 1432 3954 suo-

397 4112 405 4141 ¹
425 4107 577 4162 crudelitate
592 4126 654 4159 corr.
669 4105 820 4158 temeritate.

396 4183 408 4214 ²
426 4179 498 4252 apud
506 4197 553 4232 vos
565 4195 627 4230 corr.
643 4177 755 4230 avobis.

397 4253 408 4285 ⁵
426 4252 525 4317 monsl,
539 4269 617 4302 errore
633 4249 737 4300 auctoris
750 4250 791 4319 qui
803 4246 906 4300 castrati
916 4247 996 4318 primo
1009 4248 1130 4296 omiserat.
1215 4291 1220 4304 ,
