3314 5294
322 491 382 551 122
674 486 841 547 arcuum
864 486 939 546 LlB.
965 485 1024 546 ΙΙΙ.

320 620 571 711 vertebantur;
587 622 767 718 armisque
781 621 938 714 efferati,
957 621 1135 720 quosdam
1148 621 1395 713 vulnerabant,

321 739 500 837 quosdam
518 762 605 810 vero
623 753 741 810 morte
754 737 968 812 afficiebant.
984 743 1136 810 Tantum
1154 739 1254 812 ineis
1271 755 1325 811 ter
1338 737 1398 812 de·

323 855 504 947 bacchati,
519 871 558 927 ut
570 881 744 928 caesorum
757 855 990 930 cadaveribus
1005 873 1168 954 aggerata
1185 857 1311 947 moles,
1327 857 1399 928 col·
1493 951 1502 958 ἢ

300 1051 302 1056 λ
320 973 414 1045 libus
432 973 696 1048 assimilaretur.
719 974 785 1047 Atii
802 1000 889 1046 vero
909 974 1167 1046 descendentes
1181 988 1243 1044 aut
1255 972 1398 1060 vibratis

322 1092 446 1189 gladiis
477 1091 662 1174 frondium
690 1093 935 1191 oppositarum
960 1092 1174 1164 densitatem
1198 1090 1396 1182 metebant,

322 1225 384 1282 aut
413 1209 578 1281 trudibus
613 1209 748 1281 adactis
776 1211 1029 1308 transpositam
1064 1209 1236 1280 arborum
1266 1208 1399 1280 molem

322 1326 555 1418 amovebant,
580 1326 719 1424 sibique
740 1327 748 1362 ⁴
776 1327 843 1398 iter
862 1326 1081 1424 aperiebant.
1103 1325 1263 1399 Tandem
1286 1325 1399 1396 multo

325 1456 470 1531 conatu,
487 1441 534 1514 de
547 1441 668 1514 medio
681 1441 840 1514 hostium
853 1441 974 1514 educti
991 1457 1086 1514 sunt.

795 1953 896 2006 XCIX.

372 2093 447 2161 Hac
465 2104 675 2188 tempestate
692 2089 911 2186 Germania²
933 2090 1034 2161 nullo
1057 2091 1149 2188 regis
1174 2092 1326 2189 imperio
1357 2105 1403 2162 te·

323 2203 492 2296 n'ebatur,
519 2206 654 2304 quippe
673 2231 757 2276 curn
779 2222 815 2278 et
833 2210 1007 2292 Ottonem
1031 2208 1204 2280 infantem
1222 2208 1332 2280 aetatis
1349 2209 1403 2278 in-

323 2321 471 2394 firmitas
502 2349 651 2422 regnare
688 2324 913 2422 prohiberet,
953 2339 988 2411 et
1017 2325 1196 2414 Heziloni,
1227 2324 1403 2422 regnandi

323 2439 481 2540 cupido,
501 2450 534 2514 'a
557 2442 759 2540 potioribus
784 2422 936 2541 regnum
956 2443 1272 2515 contradiceretur.
1299 2442 1403 2514 Unde

323 2558 512 2640 Lotharius
531 2561 759 2632 occasionem
781 2577 930 2652 nactus,
960 2561 1005 2633 de
1026 2562 1173 2658 Belgicae
1192 2561 1405 2660 pervasione

325 2673 455 2745 iterum
485 2675 685 2772 cogitabat,
719 2691 759 2748 ut
780 2677 946 2749 videlicet
970 2677 1017 2748 ad
1049 2703 1120 2749 suae
1149 2677 1405 2749 dominationis

322 2791 381 2885 jus
401 2815 482 2862 eam
503 2806 740 2888 retorqueret,
763 2817 847 2865 cum
865 2797 951 2864 Otto
969 2794 981 2830 ⁸
1004 2818 1080 2864 non
1094 2809 1206 2885 esset,
1226 2783 1411 2893 principes

325 2905 550 2998 dissiderent,
565 2910 738 3007 regnique
750 2909 902 3005 dignitas
920 2910 1022 2982 nullo
1036 2912 1128 3007 regis
1142 2909 1407 2982 administrare·

326 3038 385 3094 tur
398 3023 562 3120 imperio.

852 3143 881 3199 C.

375 3294 499 3388 Itaque
517 3287 687 3361 Odonem
714 3304 822 3387 atque
848 3289 1066 3362 Herbertum
1083 3290 1353 3364 virosillustres
1372 3305 1410 3362 et
1470 3319 1474 3327 ·

249 3492 251 3496 ¹
295 3455 298 3460 ·
328 3408 491 3506 potentia
504 3389 619 3480 claros
630 3406 831 3500 advocans,
851 3407 903 3478 eis
924 3408 979 3478 sui
995 3407 1071 3479 voti
1089 3423 1265 3480 secretum
1279 3408 1404 3506 aperit.

329 3529 374 3595 Et
398 3525 484 3622 quia
506 3525 615 3623 paulo
639 3540 722 3596 aute
748 3549 874 3597 eorum
893 3526 1033 3623 patrui,
1055 3524 1191 3622 absque
1214 3525 1335 3597 liberis
1349 3522 1410 3604 de·

328 3642 457 3732 functi,
490 3656 585 3714 terra
607 3643 744 3741 optima
772 3667 856 3713 cum
888 3641 1031 3740 oppidis
1062 3641 1308 3714 munitissimis
1326 3639 1407 3710 illos

328 3757 520 3832 liberaliter
545 3759 761 3850 donaverat,
785 3759 853 3858 ipsi
877 3782 963 3830 mox
984 3758 1085 3830 domi
1107 3757 1311 3858 militiaeque
1333 3780 1410 3828 sese

329 3883 572 3980 paratissimos
607 3881 883 3979 responderunt.
926 3881 1065 3968 Quibus
1096 3856 1295 3954 favebtibus
1326 3903 1411 3949 cum

368 4089 375 4118 ¹
396 4055 427 4140 etf
436 4086 552 4138 venienti
567 4085 694 4140 exercitui
706 4105 769 4137 corr.
784 4085 894 4154 sibique.

368 4173 379 4204 ²
398 4171 502 4242 belgica
515 4183 593 4240 atque
606 4171 640 4223 G.
654 4169 744 4222 deleta.

369 4258 380 4288 ⁸
398 4275 425 4308 o.
440 4255 521 4310 hostis
535 4255 627 4308 deleta.
