3314 5294
354 485 416 551 '148
713 486 880 546 litonum
903 487 975 548 mn.
1002 487 1054 547 lv.
1177 489 1180 494 ·

499 670 550 722 vr.
559 698 596 710 -
606 667 730 739 rumano
745 668 919 722 summus
929 669 963 722 ae
977 671 1087 742 objectu
1100 689 1117 724 ι
1127 671 1275 726 maroneo,

398 817 537 908 Quibus
545 816 737 916 dispositis,
747 816 820 888 dux
832 819 883 892 sic
896 844 1000 890 orsus
1012 822 1142 918 ooepit:
1162 851 1180 890 ι(
1193 827 1272 893 Huc
1283 846 1327 893 ex
1337 821 1428 894 loeis

354 966 371 1004 a
389 936 537 1009 diversis
554 937 653 1032 regio
667 935 769 1032 jussu
786 936 923 1026 vocati,
944 934 991 1006 ad
1005 935 1271 1009 discutiendum
1288 963 1427 1035 eaquae

355 1088 370 1120 u
387 1078 530 1126 summo
543 1051 706 1152 pontifici
720 1051 936 1124 Adalberoni
948 1051 1090 1148 objecta
1105 1069 1202 1143 sunt,
1218 1053 1330 1124 multa
1338 1053 1423 1142 fide,

355 1197 374 1238 a
390 1183 540 1268 utputo,
556 1167 784 1239 convenistis.
803 1166 875 1237 Sed
885 1166 976 1238 divae
992 1167 1197 1241 memoriae*
1222 1194 1283 1239 rex
1301 1170 1363 1265 qui
1376 1170 1428 1238 in·

356 1316 374 1356 u
391 1285 572 1376 tendebat,
587 1284 759 1382 quoniam
766 1284 835 1355 hae
843 1285 916 1355 vita
926 1285 1084 1382 privatus
1095 1301 1161 1374 est,
1177 1286 1427 1356 controversiae

276 1455 279 1460 a
355 1418 522 1475 «statum
542 1401 648 1474 nohis
675 1400 941 1472 discutiendum
960 1400 1114 1498 reliquit.
1139 1403 1175 1473 Si
1194 1427 1279 1498 ergo
1300 1418 1427 1500 praeter

353 1550 373 1590 ι(
389 1546 473 1592 eum
486 1535 540 1592 est
551 1520 615 1617 qui
628 1517 814 1591 intendere
828 1517 1106 1615 audeat,·eoque
1124 1521 1244 1590 animo
1262 1519 1371 1608 valet,
1387 1535 1428 1590 ut

355 1665 373 1704 ι(
390 1635 623 1734 exsequendae
644 1635 715 1706 litis
732 1651 873 1732 partem
890 1636 1050 1733 anipiat,
1067 1635 1159 1706 adsit
1176 1660 1319 1726 eoram,
1339 1637 1429 1733 quid

353 1749 517 1821 «sentiat
535 1748 670 1837 edicat,
695 1747 784 1818 nihil
802 1762 966 1818 metuens
989 1748 1178 1818 criminato
1197 1747 1371 1818 intendat.
1392 1749 1429 1818 Si

352 1895 370 1934 u
387 1891 472 1938 vera
488 1865 662 1964 proferat,
679 1864 756 1960 ejus
774 1864 970 1935 verborum
988 1863 1244 1963 approbatores
1264 1889 1332 1936 nos
1351 1867 1428 1936 sine

354 1981 501 2053 «dubio
519 1980 685 2072 habebit3
709 1979 810 2077 quod
829 1981 859 2051 si
879 1980 1115 2051 calumniator
1132 1979 1217 2051 salsa
1232 1980 1424 2073 confinxit,

354 2127 372 2168 n
388 2123 516 2170 vocem
537 2097 754 2195 supprimat,
782 2097 935 2168 uetanti
953 2096 1119 2167 facinoris
1138 2113 1284 2194 argutus
1302 2117 1427 2196 poenas

352 2247 371 2286 «
389 2214 514 2288 solvat.
534 2243 553 2282 »
568 2219 636 2285 Ter
651 2213 886 2285 acclamatum
905 2229 975 2302 est,
991 2228 1031 2284 ut
1042 2212 1180 2284 delator
1191 2213 1423 2312 procederet3

349 2350 404 2406 ter
416 2333 463 2407 ab
477 2332 646 2406 omnibus
659 2345 827 2428 negatum
846 2346 926 2406 est,
1018 2325 1020 2332 ’

862 2650 926 2700 VII.

400 2804 479 2870 Dux
502 2800 621 2894 itaque
642 2800 770 2870 iterum
790 2797 931 2869 loeutus
948 2799 1018 2868 ait:
1039 2799 1110 2868 «Si
1131 2799 1175 2868 lis
1186 2798 1262 2894 jam
1279 2799 1424 2890 decidit,

354 2945 372 2982 u
388 2916 472 3012 'quia
481 2915 542 3012 qui
557 2913 719 2986 intendat
728 2938 802 2985 non
817 2931 882 3004 est,
900 2914 1192 3013 metropolitano,
1211 2932 1335 3014 utpote
1347 2919 1425 2988 viro

355 3059 373 3098 ι(
389 3030 502 3102 nobili
522 3047 557 3102 et
578 3030 691 3102 multa
707 3032 878 3128 sapientia
900 3030 1035 3122 inclito,
1058 3031 1262 3103 cedendum
1282 3049 1346 3105 est.
1371 3035 1425 3105 Ab

279 3159 281 3164 '
354 3176 372 3216 u
388 3148 457 3220 hac
485 3172 569 3243 ergo
586 3148 782 3246 suspitione
802 3150 943 3246 penitus
961 3148 1151 3239 discedite,
1172 3172 1424 3248 summumque

353 3295 372 3335 u
386 3265 573 3366 praesulem
595 3265 709 3338 multo
733 3266 874 3337 honore
898 3265 1059 3337 excolite.
1087 3269 1308 3340 Reverenrini
1325 3269 1423 3342 hunc

352 3413 370 3452 u
388 3384 495 3458 talem
507 3384 637 3474 virum,
654 3398 690 3454 et
702 3397 843 3479 quantae
855 3383 1006 3472 virtutis,
1024 3384 1215 3482 sapientiae,
1230 3385 1422 3459 nobilitatis

353 3499 868 3598 «sit,hactenusp1aedicate.
892 3501 988 3587 Quid
1013 3502 1110 3571 enim
1133 3501 1282 3599 prodest
1307 3507 1421 3602 suspi-

350 3619 522 3690 «tionem
542 3617 694 3708 habere,
722 3617 780 3688 cui
800 3617 837 3686 in
857 3616 987 3712 juditio
1004 3643 1079 3688 non
1099 3618 1196 3688 luere
1212 3619 1305 3690 vires
1323 3622 1424 3716 quic·¹

350 3767 369 3806 u
384 3760 493 3834 quam
519 3734 661 3808 dicere?
678 3764 696 3803 u
723 3734 844 3832 Ergo²
872 3759 1014 3805 summo
1036 3733 1210 3832 pontifici,
1240 3735 1313 3806 dux
1340 3737 1421 3810 reli-

348 3874 505 3950 quorum
541 3851 734 3949 primatum
770 3875 967 3941 consensu,
1002 3852 1235 3949 exsequendae
1275 3853 1422 3927 rationis

346 3970 524 4041 honorem
537 3967 583 4040 de
599 3968 749 4040 utilitate
765 3969 864 4065 regni
878 3965 1052 4059 attribuit,
1070 3968 1225 4066 eoquod
1244 3970 1319 4066 ipse
1332 3970 1419 4041 divi-

380 4168 388 4199 *
408 4168 442 4219 D.
462 4167 501 4220 M.
517 4167 603 4218 codex.

378 4253 389 4286 ²
409 4253 522 4322 Purgato
535 4271 549 4303 e
562 4251 675 4302 deletum.

502 4411 507 4452 l
