3320 5296
375 516 433 574 176
733 508 899 570 RICHERl
921 459 997 569 ΠΒ.
1020 507 1074 567 tv.

371 660 410 716 et
422 644 511 715 urbe
529 642 903 741 tuendaiuterrogati,
924 642 1033 715 fidem
1050 642 1189 738 jurant,
1212 636 1310 724 urbis
1328 636 1447 708 tuitio·

373 785 458 834 nem
478 761 703 859 pollicentur.
721 762 860 850 Quibus
885 773 1107 859 sacramento
1123 756 1296 846 astrictis,
1326 755 1447 851 eisque

372 877 534 952 libertate
561 879 714 976 eligendi
738 880 878 951 domini
901 899 1009 976 quem
1033 876 1173 948 vellent
1188 874 1235 946 ab
1258 897 1340 971 rege
1358 896 1448 943 oon-

372 1019 489 1090 eessa,
506 1020 567 1067 rex
580 995 625 1066 ab
639 997 689 1068 eis
702 996 866 1068 dlmotus¹
876 995 1046 1073 Parisium
1061 992 1215 1064 devenit.

488 1281 578 1334 XXV.
594 1311 630 1322 —
641 1280 785 1347 Quomodo
797 1278 947 1336 A'rnullus*
958 1278 1235 1353 archiepiscopatuml
1249 1277 1333 1350 petiit.

418 1424 494 1495 vUbi
513 1450 597 1496 eum
617 1426 663 1498 de
689 1425 895 1498 liberalitate
915 1442 950 1511 et
968 1425 1041 1497 fide
1065 1427 1196 1497 civium
1223 1423 1450 1495 Remensium

374 1541 472 1613 laetus
484 1559 698 1635 moraretur,
715 1544 881 1616 Arnulfus
893 1542 1050 1615 Lotharii
1061 1542 1153 1613 filius
1166 1566 1231 1640 per
1244 1538 1421 1637 quosdam
1436 1539 1444 1574 ⁴

374 1659 467 1754 regis
479 1658 666 1758 stipatores
685 1659 731 1734 ab
748 1685 832 1756 rege
850 1660 1096 1758 episcopatum
1114 1655 1318 1755 expetebat,
1334 1659 1452 1725 Karo-

375 1775 452 1846 lum
465 1801 610 1874 quoque
629 1793 798 1876 patruum
816 1801 892 1848 sese
911 1776 1136 1870 deserturum
1153 1773 1320 1864 mandat,
1334 1771 1452 1875 fidem

374 1890 550 1987 spondet;
584 1893 747 1989 regisque
774 1891 940 1987 injuriam
967 1891 1147 1981 ulturum;
1179 1902 1305 1960 contra
1330 1887 1453 1959 hostes

373 2007 482 2076 etiam
502 2008 593 2104 regis
615 2008 770 2107 plurima
792 2009 980 2078 nisurum:
1002 2005 1130 2082 urbem
1152 2005 1384 2094 Laudunum,
1405 2002 1452 2076 ab

374 2121 537 2198 hostibus
556 2149 760 2223 pervasam,
781 2126 818 2195 in
838 2124 939 2196 brevi
961 2123 1198 2200 redditurum.
1229 2119 1327 2219 Regii
1349 2123 1455 2220 stipa·

375 2254 472 2318 tores
493 2240 615 2332 laetati,
642 2243 886 2341 episcopatum
906 2241 1040 2341 petenti
1058 2241 1253 2339 quamcito
1278 2240 1356 2338 dari
1375 2263 1455 2310 sua·

375 2355 482 2449 dent,
500 2357 575 2454 regi
592 2347 642 2428 nil
659 2359 883 2458 perditurum
903 2342 1113 2450 asserentes,
1135 2360 1164 2430 si
1182 2358 1249 2432 sibi
1262 2351 1454 2429 militaturo

377 2486 413 2543 et
432 2471 541 2544 fidem
565 2490 748 2547 servaturo
773 2475 872 2574 quod
892 2477 981 2574 petit
1004 2475 1181 2572 largiatur.
1211 2473 1323 2546 Multo
1349 2474 1454 2544 etiam

377 2587 444 2661 sibi
470 2589 716 2688 profuturum,
738 2593 768 2663 si
788 2592 827 2663 id
850 2592 974 2680 faciat,
997 2592 1097 2689 quod
1121 2605 1205 2663 cum
1228 2591 1363 2662 iactum
1388 2590 1451 2680 sit,

376 2705 549 2790 onmium¹
562 2707 712 2779 salutem
737 2709 887 2780 affectet.
912 2713 985 2780 Rex
1003 2735 1129 2781 eorum
1153 2706 1377 2780 suasionibus
1394 2705 1457 2778 ad·

377 2823 586 2920 quiesoens,
619 2829 750 2897 Remos
773 2825 937 2918 devenit,
965 2826 1102 2899 civibus
1125 2826 1220 2897 hanc
1246 2826 1455 2925 petitionem

377 2937 609 3032 ostensurus,
646 2967 692 3013 ne
726 2941 900 3014 malefidae
938 2944 1139 3042 sponsionis
1176 2957 1357 3015 teneretur
1392 2936 1457 3013 ob·

380 3079 518 3129 nonus.

585 3191 689 3252 XXVI.
701 3229 738 3241 -
748 3201 841 3254 Oratio
852 3202 919 3273 regis
926 3201 959 3238 θ
970 3201 1005 3256 ad
1019 3202 1088 3256 cives
1099 3197 1248 3255 Remenses.

430 3345 475 3414 Et
500 3343 668 3420 omnibus
694 3348 964 3440 accersitis„sio
989 3321 1197 3421 locutus'ait
1215 3380 1221 3420 :
1242 3347 1457 3436 «Quoniam

383 3488 402 3526 n
424 3457 508 3531 fidei
522 3457 748 3562 exsepu'tores
761 3488 826 3534 vos
837 3465 1006 3563 probavi,
1027 3491 1094 3538 nec
1106 3491 1200 3537 mea
1213 3464 1285 3537 fide
1303 3464 1458 3536 alienum

384 3605 403 3643 «
424 3578 666 3676 experiemini.
684 3584 775 3651 Cum
795 3584 891 3654 enim
912 3586 958 3656 sit
977 3584 1083 3677 fides,
1105 3611 1188 3656 oum
1208 3583 1308 3681 quod
1331 3582 1459 3680 dieitur

384 3722 413 3784 «—
426 3692 482 3785 fit,
498 3696 583 3791 qnia
594 3722 660 3769 vos
672 3697 710 3768 id
725 3700 846 3772 fecisse
857 3704 1048 3800 perspiti0,
1065 3719 1101 3775 et
1114 3728 1172 3774 me
1185 3703 1327 3802 penitus
1340 3701 1460 3772 obser·

386 3838 403 3876 u
425 3835 524 3884 vasse
538 3809 636 3882 idem
648 3812 770 3885 fateor.
794 3816 958 3888 Arnulfus
978 3819 1068 3890 divae
1081 3818 1286 3890 memoriae²
1304 3815 1459 3889 Lotbarii

418 4007 435 4042 ¹*
452 4008 592 4073 Arnulfns,
607 4009 695 4074 archi,
709 4030 736 4062 m
750 4012 854 4065 abscisa.
969 4009 972 4016 ¹

419 4090 452 4125 *¹*
465 4091 533 4162 regis
545 4091 673 4144 abscisum.

420 4175 430 4205 ⁴
449 4193 496 4244 per
510 4177 595 4230 burch
611 4177 724 4229 deletum.

418 4261 431 4290 ²
447 4261 479 4311 D.
495 4261 534 4312 M.
