3320 5296
384 503 444 564 208
739 497 905 558 arcuum
927 496 1002 560 ΗΒ.
1025 498 1079 559 lv.

380 629 615 704 simulationis
632 627 753 701 colore
764 629 956 702 obvelaret.
970 629 1073 701 Unde
1086 652 1169 700 cum
1179 642 1286 700 nocte
1297 628 1454 726 quadam

383 750 477 822 inter
507 745 709 820 cenandum
730 745 850 818 hilaris
878 745 1047 818 resideret
1059 775 1086 836 ,·
1104 745 1262 843 llarolus¹
1282 759 1454 817 craterem

381 887 533 936 aureum
546 863 583 934 in
596 889 670 960 quo
683 888 815 961 panem
828 863 1016 960 infregerat
1028 865 1183 959 vinoque
1196 875 1456 959 temperaverat

383 995 525 1071 tenens,
538 993 620 1078 post
632 979 785 1051 multum
798 981 992 1078 cogitatum
1003 979 1036 1050 ei
1049 977 1177 1051 obtulit
1193 1005 1201 1048 ε
1216 1007 1234 1046 α
1247 979 1426 1065 Quoniam
1434 1009 1452 1044 n

384 1097 549 1196 inquiens
567 1125 585 1194 <r
599 1121 643 1168 ex
657 1110 802 1194 patrum
819 1095 968 1168 decretis
986 1095 1121 1193 palmas
1134 1109 1170 1167 et
1185 1093 1329 1167 linndes
1346 1092 1456 1165 hodie

385 1243 406 1282 «
427 1209 686 1303 sanctificastis,
707 1226 813 1308 atque
829 1210 997 1309 plebem⁴
1021 1211 1127 1283 sacris
1150 1208 1456 1314 benedictionibus

335 1411 337 1416 ,
388 1359 406 1398 a
427 1331 676 1417 consecrastis,
696 1328 871 1423 nobisque
895 1328 1120 1400 eukaristiam
1144 1327 1368 1425 porrexistis,
1396 1324 1458 1396 ali·

388 1475 406 1515 «
427 1469 582 1544 quorum
604 1466 838 1515 susurronum
855 1441 1049 1537 calumnias
1070 1444 1133 1538 qui
1153 1441 1458 1514 vobisfidendum

392 1590 411 1629 κ
430 1574 563 1658 negant
600 1557 846 1656 vilipendens,
892 1582 976 1629 cum
994 1653 997 1658 ,
1017 1558 1123 1628 instet
1165 1556 1242 1659 dies
1286 1558 1458 1655 passionis

390 1707 409 1746 κ
429 1677 579 1768 Domini
593 1690 629 1746 et
643 1674 825 1746 salvatoris
844 1673 957 1744 nostri
971 1676 1053 1744 lesu
1075 1671 1222 1762 Christi,
1241 1671 1314 1746 hoc
1331 1697 1459 1748 vascu-

390 1828 408 1867 α
429 1800 506 1875 lum
531 1813 653 1872 vestrae
672 1777 833 1894 dignitati
858 1810 1002 1894 aptum,
1020 1820 1105 1868 cum
1120 1797 1207 1867 vino
1230 1810 1267 1867 et
1292 1820 1386 1892 pane
1401 1796 1457 1867 in·

389 1945 408 1984 «
429 1915 540 1988 fracto
553 1914 656 1986 vobis
669 1914 825 2012 porrigo.
845 1917 922 1984 Hoc
935 1913 1106 2011 poculum
1122 1913 1159 1982 in
1174 1913 1273 2010 signo
1285 1910 1459 1984 habende
1489 1917 1492 1921 ’

391 2058 408 2098 α
431 2045 466 2102 et
476 2029 658 2102 servandae
671 2028 756 2100 fidei
768 2027 910 2100 ebibite.
922 2029 961 2098 Si
971 2053 1058 2100 vero
1069 2027 1179 2099 fidem
1190 2052 1329 2099 servare
1338 2029 1458 2100 animo

392 2175 410 2214 a
431 2171 507 2218 non
520 2159 605 2235 stat,
622 2143 754 2242 poculo
771 2145 918 2244 parcite,
935 2170 982 2216 ne
994 2129 1213 2217 horrendam
1226 2145 1324 2216 Judae
1338 2145 1459 2243 prodi·

389 2292 410 2331 a
431 2264 519 2334 toris
533 2263 692 2360 speciem
709 2262 877 2334 referatis.
896 2266 1013 2349 »Quo
1034 2262 1294 2361 respondente:
1313 2291 1332 2328 r<
1342 2267 1458 2335 Crate-

392 2412 510 2458 «rem
531 2387 716 2486 recipiam,
746 2401 781 2458 et
804 2399 933 2486 potum
958 2385 1067 2458 libere
1094 2384 1254 2458 ebibam!
1275 2415 1294 2454 u
1309 2387 1458 2460 Karolus

388 2524 475 2575 mox
484 2516 707 2602 prosecutus,
726 2501 933 2575 addendum
946 2500 1054 2574 dixit:
1075 2533 1093 2572 «
1111 2519 1145 2575 et
1158 2504 1266 2576 fidem
1279 2504 1417 2576 faciam.
1438 2531 1456 2572 s

389 2619 452 2692 {lle
465 2620 611 2692 ebibens
623 2635 832 2720 prosecutus
845 2634 920 2691 est:
939 2649 957 2687 «
972 2635 1008 2691 et
1019 2619 1127 2692 fidem
1139 2620 1284 2711 faciam3
1302 2621 1458 2718 alioquin

391 2766 411 2804 ι(
433 2763 517 2808 cum
540 2736 632 2829 luda
653 2733 840 2809 inteream!
865 2765 883 2804 >r
909 2740 953 2806 Et
974 2736 1086 2808 multa
1101 2737 1157 2808 his
1176 2736 1301 2808 similia
1313 2737 1459 2809 anathe-

391 2852 495 2924 matis
521 2851 630 2922 verba
658 2850 865 2923 cenantibus
890 2852 999 2923 dedit.
1032 2853 1110 2924 Nox
1134 2853 1242 2924 futuri
1270 2853 1386 2925 luctus
1425 2869 1460 2924 et
1510 2937 1514 2946 ¹
1642 2873 1643 2882 ¹

389 2966 604 3065 proditionis
625 2968 766 3039 conscia
787 2967 951 3040 instabat.
974 2970 1143 3056 Quietum
1160 2971 1211 3042 ire
1230 2972 1461 3043 constitutum

390 3097 464 3171 est,
480 3081 746 3181 dormitumque
758 3085 795 3155 in
809 3109 926 3156 mane.
942 3083 1117 3158 adalbero
1131 3087 1185 3157 sui
1196 3086 1270 3157 doli
1284 3088 1456 3177 conscius,

376 3185 651 3264 'dormientibus
664 3192 796 3264 Karolo
812 3207 849 3264 et
862 3192 1025 3284 Arnufo,
1048 3193 1183 3290 gladios
1204 3209 1240 3266 et
1256 3219 1355 3267 arma
1370 3220 1390 3266 a
1405 3217 1461 3268 ca-

393 3308 524 3406 pitibus
551 3333 677 3388 eorum
700 3311 851 3402 amovit,
871 3309 1095 3407 latibulisque
1114 3309 1306 3382 mandavit.
1323 3313 1460 3383 Hostia-

392 3425 487 3498 rium
498 3424 605 3522 hujus
618 3423 691 3498 doli
704 3427 865 3522 ignarum
876 3428 1082 3518 acceisiens,
1095 3453 1240 3500 cursum
1252 3426 1457 3517 accelerare,

391 3557 430 3614 et
443 3543 624 3639 quendam
637 3567 784 3614 suorum
796 3546 965 3616 accersire
973 3545 1090 3642 juben
1111 3547 1241 3618 ostium
1255 3571 1330 3618 sese
1343 3569 1459 3618 serva-

392 3673 515 3733 turum
545 3659 686 3732 interim
712 3659 895 3756 pollicens.
924 3665 1006 3748 Quo
1031 3662 1204 3760 digresso,
1230 3661 1405 3733 adalbero
1422 3663 1457 3734 in

393 3777 472 3873 ipso
487 3775 576 3847 ostio
594 3800 669 3850 sese
681 3775 841 3856 medium
852 3775 945 3866 fixit,
965 3778 1121 3874 gladium
1135 3778 1202 3850 sub
1212 3793 1307 3850 veste
1320 3793 1454 3850 tenens.

393 3893 460 3964 Cui
479 3917 564 3963 mox
576 3893 630 3962 sui
647 3893 860 3990 assistentes,
877 3907 1000 3990 utpote
1012 3893 1118 3990 hujus
1130 3895 1294 3966 facinoris
1310 3895 1456 3986 conscii,

393 4007 440 4080 ab
459 4009 680 4082 adalberone
703 4034 827 4081 ornnes
844 4009 1035 4085 intromissi
1058 3994 1150 4084 sunt.
1172 4011 1322 4084 Karolus
1338 4026 1375 4085 et
1396 4017 1458 4084 Ar·

433 4229 440 4255 ⁴
462 4232 590 4306 populum
604 4233 753 4304 arperposr'to
766 4231 879 4302 plebem.
