3318 5292
367 501 431 562 tot
727 494 895 562 utannt
918 493 993 562 ΜΒ.
1018 493 1072 560 tv.

785 689 1028 760 cv.-upuogut.

422 851 581 923 «uedeo
605 849 749 941 adme,
772 850 1046 921 reverentissimi
1071 865 1208 946 patres,
1232 852 1290 922 cui
1312 845 1444 951 specia⁴

371 998 390 1036 u
412 968 491 1040 liter
515 968 564 1039 ob
587 966 737 1040 salutem
759 967 939 1065 pereuntis
957 966 1082 1066 populi
1108 968 1285 1065 totiusque
1305 970 1357 1065 rei
1378 996 1444 1069 pu·

373 1114 391 1154 u
413 1084 512 1156 blicae
531 1109 655 1155 curam
678 1109 775 1155 mors
795 1082 988 1154 furibunda
1009 1108 1090 1154 cum
1116 1085 1282 1156 omnihus
1303 1087 1375 1157 suis
1394 1088 1446 1157 in-

373 1231 392 1270 u
414 1200 538 1273 cubuit
551 1201 675 1298 copiis.
691 1200 782 1269 Hinc
796 1199 873 1270 dira
891 1214 1026 1296 egestas
1039 1200 1186 1272 horreas
1205 1216 1240 1273 et
1254 1202 1445 1299 apothecas

361 1325 392 1397 'n
413 1330 550 1387 armata
576 1338 686 1384 manu
712 1313 778 1384 sibi
805 1313 980 1405 vindicat,
1009 1314 1104 1385 illinc
1132 1315 1216 1386 foris
1250 1316 1387 1413 gladius
1411 1331 1446 1388 et

375 1461 394 1500 u
414 1433 510 1502 intus
527 1455 653 1530 pavor,
672 1428 747 1502 dies
769 1431 811 1501 ao
829 1446 953 1502 noctes
969 1431 1203 1504 reddiderunt
1218 1433 1401 1504 insomnes
1415 1435 1442 1502 ¹.

376 1580 393 1619 a
416 1547 498 1620 Sola
519 1565 634 1620 vestra
656 1550 866 1640 auotoritas,
887 1565 928 1620 ut
954 1564 1136 1620 tantorum
1156 1550 1333 1622 malorum
1354 1550 1447 1622 leva·

374 1692 498 1738 «men
525 1665 643 1756 fieret,
666 1681 850 1765 expectata
869 1682 942 1757 est,
966 1689 1047 1762 quae.
1062 1681 1198 1738 tantam
1219 1668 1292 1738 vim
1315 1667 1447 1739 habere

377 1811 397 1853 u
416 1783 585 1878 creditur,
614 1798 654 1854 ut
679 1783 901 1854 nonasolum
926 1783 1108 1874 Remensi,
1133 1784 1326 1856 sedetiam
1348 1783 1447 1854 omni

376 1929 394 1969 u
417 1900 570 1973 ecclesiae
596 1899 781 1974 Gallorum
811 1899 993 1990 desolatae,
1022 1916 1058 1972 et
1088 1925 1181 1999 pene
1216 1901 1263 1972 ad
1296 1899 1447 1971 nihilum

376 2046 396 2087 u
417 2018 588 2103 redactae,
606 2016 765 2088 subsidio
785 2042 861 2090 esse
881 2016 1011 2107 valeat3
1035 2017 1135 2113 quod
1160 2017 1349 2089 Divinitatc
1368 2040 1449 2114 pro·

378 2133 504 2230 «pitia
531 2148 777 2230 expectamus,
805 2149 840 2204 et
869 2149 909 2204 ut
932 2131 1012 2223 fiat,
1042 2155 1168 2204 omnes
1194 2134 1449 2204 incommune

378 2279 397 2320 n
418 2275 575 2322 oramus,
599 2273 629 2316 n·
1034 2263 1036 2266 '

874 2421 946 2488 cvr.

426 2548 544 2664 Quam
561 2574 775 2673 perlectam,
797 2574 911 2672 legato
932 2601 1033 2674 papae
1052 2593 1136 2646 mox
1161 2570 1349 2671 legendam
1370 2589 1450 2671 por·

378 2691 478 2762 rexit.
506 2695 605 2761 Tunc
632 2693 788 2789 episcopi
821 2691 947 2763 omnes
982 2718 1065 2763 oum
1098 2691 1293 2763 Godefrido
1322 2691 1450 2761 comite

378 2807 440 2902 qui
463 2807 514 2876 eis
535 2806 703 2877 intererat
723 2806 830 2876 simul
855 2823 1055 2905 surgentes,
1077 2827 1269 2904 orsumque
1296 2807 1447 2893 seducti,

378 2921 466 3019 quid
485 2919 669 3016 agendum
693 2922 778 2993 inde
804 2939 895 3030 esset
917 2921 1172 2995 deliberabant.
1196 2928 1238 2994 Et
1260 2939 1343 3021 post
1368 2947 1451 3021 pau

378 3037 492 3108 lulum
505 3037 623 3134 ipsum
637 3038 852 3122 Gerbertum
867 3027 1031 3112 invitant.¹
1046 3041 1111 3112 Cui
1128 3065 1212 3111 cum
1225 3056 1308 3138 post
1321 3040 1452 3138 aliquot

377 3178 562 3226 sermones
575 3179 596 3225 a
610 3153 747 3225 domno
761 3180 853 3255 papa
867 3181 998 3255 corpus
1012 3173 1047 3228 et
1064 3159 1273 3255 sanguinem
1286 3159 1447 3244 Domini,

380 3293 422 3342 ac
439 3269 655 3342 sacerdotale
677 3269 836 3343 officium
855 3271 922 3345 sub
941 3274 1127 3371 praesentia
1146 3274 1251 3371 legati
1262 3273 1451 3372 prohibere

380 3393 532 3483 vellent,
549 3392 607 3465 ille
623 3419 707 3466 mox
729 3420 772 3466 ex
792 3395 989 3468 canonibus
1002 3412 1044 3469 et
1061 3398 1212 3469 decretis
1233 3397 1452 3469 confidenter

381 3509 545 3601 astruxit,
566 3510 656 3582 nulli
681 3511 752 3583 hoc
776 3494 1286 3613 imponendum,nisiaut1ex
1307 3515 1451 3586 crimine

381 3628 563 3718 convicto,
593 3644 654 3700 aut
679 3644 760 3728 post
787 3631 1014 3701 vocationem
1040 3633 1161 3702 venire
1188 3631 1234 3703 ad
1263 3631 1451 3727 concilium

380 3743 438 3826 vel
455 3745 630 3815 ¹rationem
646 3747 926 3844 contempnenti.
950 3747 1039 3817 Huic
1059 3772 1160 3846 penae
1184 3771 1258 3818 non
1283 3771 1360 3818 sese
1379 3771 1452 3818 esse

383 3857 599 3952 obnoxium,
628 3887 710 3933 cum
740 3864 815 3961 ipse
841 3863 946 3934 etiam
973 3861 1174 3961 prohibitus
1199 3857 1401 3953 accesserit,
1421 3877 1452 3932 et

382 4005 466 4052 cum
487 3982 586 4054 nullo
604 3982 723 4055 adhuc
746 3985 895 4055 crimine
915 3985 1100 4056 convictus
1117 3986 1172 4056 sit.
1190 3984 1373 4082 Simulque
1384 3984 1452 4054 hoc

421 4229 430 4260 ¹
449 4231 521 4284 illinc
531 4234 550 4284 l.
566 4253 591 4304 g.
605 4247 631 4286 et
643 4235 661 4285 i.
677 4255 705 4304 p.
722 4235 750 4288 d.
764 4254 794 4287 ac
806 4255 834 4286 n.
850 4255 874 4288 r.
891 4236 1023 4289 insomnes
1035 4237 1123 4289 desunt
1137 4242 1162 4290 iu
1174 4237 1230 4290 cod.
