3324 5298
365 528 425 588 268
730 523 897 589 arcuum
919 529 994 591 LlB.
1020 527 1074 587 IV.

505 735 508 740 '
555 729 704 784 LXXXIV.
714 759 750 770 -
761 695 869 782 Dolusi‘
884 729 986 781 Conani
995 728 1011 761 *
1023 739 1115 780 contra
1125 727 1211 789 hostes
1220 727 1246 794 *e

419 889 502 956 Post
516 885 660 957 insidias
674 887 750 985 ipse
763 886 857 972 acies
871 885 1055 975 ordinans,
1072 884 1122 954 sic
1138 881 1263 954 fraude
1274 907 1358 952 usus
1371 898 1437 973 est,

369 1015 408 1072 ut
420 1001 554 1073 diceret
567 1026 604 1074 se
623 1003 671 1074 ibi
685 1027 907 1093 mansurum,
927 1027 994 1073 nec
1014 1001 1160 1073 ulterius
1177 1000 1298 1071 hostes
1317 1001 1440 1097 quaesi-

369 1132 506 1210 turum;
527 1119 557 1189 si
578 1118 699 1190 hostes
717 1134 901 1216 urgerent,
924 1119 973 1190 tbi
991 1133 1130 1190 tantum
1147 1118 1256 1190 vitam
1275 1109 1440 1188 defensu-

368 1259 471 1326 rum,
493 1261 560 1307 nec
578 1235 626 1306 ob
643 1229 778 1307 metum
793 1236 829 1307 id
844 1236 1038 1325 facturum,
1058 1251 1093 1308 at
1110 1249 1151 1306 ut
1166 1233 1303 1325 hostes,
1322 1235 1351 1304 si
1365 1258 1441 1306 sese

369 1354 519 1448 querant
532 1368 567 1423 et
587 1354 774 1452 impetant,
801 1369 933 1456 contra
946 1353 1005 1450 jus
1029 1353 1067 1424 id
1087 1351 1235 1442 faciant3
1264 1352 1314 1422 sic
1344 1351 1440 1422 enim

369 1491 495 1538 eorum
513 1469 616 1539 ruina
640 1468 775 1562 facilius
797 1457 990 1568 provenire
1007 1471 1131 1569 possit,
1152 1493 1235 1539 cum
1252 1492 1316 1539 sua
1332 1483 1442 1570 teme-

367 1567 469 1656 ritate
483 1586 622 1682 quietos
635 1602 670 1659 et
684 1588 852 1680 innouios.
861 1586 1120 1685 aggrediantur.
1142 1585 1196 1655 lbi
1213 1585 1333 1682 itaque
1350 1586 1442 1658 acies

368 1702 559 1798 ordinavit,
575 1706 720 1796 insidias
739 1707 778 1776 in
797 1721 990 1805 prospectu
1002 1704 1152 1799 habens.
1174 1701 1328 1788 Herebat
1341 1727 1439 1800 erg0,

366 1819 558 1918 hostesque
588 1837 799 1922 excepturus
830 1821 1094 1922 opperiebatur.
1120 1821 1232 1900 Fulco
1255 1823 1442 1907 Coranum

366 1936 553 2009 herentem
566 1939 704 2031 videns,
729 1965 796 2012 nec
811 1941 856 2012 ab
875 1967 918 2022 eo
939 1940 1022 2011 loco
1040 1940 1219 2022 exiturum
1237 1938 1264 2027 ¹,
1281 1963 1364 2018 cum
1386 1939 1443 2017 iu-

367 2052 473 2125 sidias
486 2055 648 2147 nesciret,
668 2082 752 2127 suos
772 2056 886 2128 multo
904 2054 1047 2127 hortatu
1072 2053 1257 2144 suadebat,
1278 2053 1444 2151 quatinus

366 2167 571 2241 vehementi
590 2172 779 2242 conamine
803 2172 976 2271 impetum
990 2171 1158 2261 facerent,
1173 2171 1365 2267 hostesque
1383 2195 1442 2266 ag·

369 2283 467 2380 gredi
480 2310 554 2358 non
573 2287 796 2378 dubitarent;
818 2286 864 2359 de
878 2287 1026 2359 victoria
1039 2313 1113 2359 non
1128 2284 1343 2375 diffiderent,
1360 2309 1443 2356 cum

360 2403 497 2479 ,virium
511 2430 592 2505 spes
606 2407 743 2504 optima
769 2431 844 2480 non
863 2405 966 2495 desit,
988 2405 1017 2475 si
1036 2404 1209 2476 Divinitas
1229 2429 1352 2476 aversa
1369 2427 1442 2473 non

367 2521 423 2592 sit.
442 2527 534 2594 Dato
557 2525 677 2620 itaque
701 2525 802 2621 siguo
820 2524 972 2596 irruunt.
1004 2521 1169 2594 Arbitrati
1193 2547 1339 2620 quoque
1362 2519 1444 2592 soli·

370 2637 463 2712 dum‘
472 2639 551 2730 iter,
572 2640 673 2711 fossis
688 2639 887 2710 indubitate
905 2639 1178 2737 propinquant·-'

511 3021 649 3074 LXXXV.
660 3051 696 3063 -
704 3024 880 3095 praecipitatio
889 3024 922 3062 *i*
937 3025 1053 3078 hostium
1073 3044 1089 3077 a
1097 3023 1129 3075 d*
1142 3026 1253 3078 Conano
1261 3024 1304 3076 *X

420 3186 584 3280 Cumque
616 3186 819 3258 Brittannos
844 3171 944 3260 metu
974 3189 1147 3260 herentes¹
1167 3187 1442 3278 arbitrarentur,

372 3297 450 3369 telis
475 3299 677 3371 obnitentes
695 3302 741 3372 ad
760 3302 871 3374 fossas
893 3307 1050 3394 irruunt3
1072 3304 1343 3402 precipitatique
1363 3328 1445 3374 cum

372 3417 761 3515 equisinmerguntur,
783 3445 825 3490 ac
844 3444 936 3493 caeca
956 3423 1059 3493 ruina
1078 3422 1234 3507 confusi,
1258 3421 1304 3512 ad
1325 3421 1447 3517 viginti

371 3533 502 3604 milia²
531 3536 677 3607 inmersi
707 3553 815 3634 atque
840 3539 1035 3636 compressi
1068 3552 1161 3610 sunt.
1196 3543 1252 3610 At
1271 3537 1447 3637 posterior

371 3652 556 3742 exercitus,
567 3654 679 3751 priori
693 3637 917 3755 precipitato,
933 3671 1032 3752 terga
1044 3654 1155 3742 dedit.
1173 3655 1277 3726 Unde
1291 3669 1327 3726 et
1339 3637 1446 3726 Fulco

369 3769 448 3840 vitae
461 3785 600 3841 tantum
615 3772 818 3864 consulens,
836 3771 1000 3870 profugio
1016 3772 1104 3870 eripi
1117 3771 1327 3843 conabatur.

407 4021 422 4052 *
440 4019 510 4084 Dol,
524 4038 558 4074 na
568 4060 577 4086 ‚
588 4021 625 4074 ho
636 4021 742 4075 abscisa.

409 4101 440 4138 ἢ
459 4103 530 4168 Prae,
543 4105 607 4170 tia,
622 4105 761 4160 Cabscr'sa.

411 4189 418 4218 ¹
439 4207 463 4242 e.
478 4187 614 4242 advertens
627 4190 700 4243 delet.

410 4284 421 4314 ²
440 4271 501 4336 XX
509 4285 594 4337 codex.
