3324 5298
355 549 417 612 nst
712 523 878 613 ntcnnnr
902 549 977 612 nn.
1003 547 1057 610 tv.

350 700 408 756 cet
421 683 567 781 ejusque
584 682 658 754 filio
670 683 853 773 Rotberto,
874 664 978 780 legati
995 681 1120 754 directi
1136 693 1231 770 sunt,
1252 681 1315 777 qui
1326 704 1427 777 papae

351 800 573 887 mandatum,
596 825 739 872 necnon
758 817 792 873 ct
811 801 1064 899 episcoporum
1077 797 1298 871 voluntatem
1317 821 1427 894 super

350 916 422 988 hoc
434 917 608 1014 aperiant,
630 918 751 1013 eisque
762 930 803 987 ut
819 941 902 988 cum
920 915 992 988 suis
1005 915 1180 1015 episcopis
1194 914 1422 1003 conveniant,

350 1033 606 1106 rationabiliter
626 1033 814 1124 suadeant3
839 1032 961 1104 locum
982 1033 1089 1122 etiam
1115 1047 1328 1129 tempusque
1351 1053 1425 1126 quo

350 1167 385 1223 et
411 1151 558 1248 quando
581 1149 876 1222 'conveniendum
901 1162 993 1220 esset
1018 1173 1039 1220 a
1064 1135 1206 1244 regibus
1232 1145 1421 1234 discerent,

350 1293 547 1366 eorumque
565 1264 727 1366 animum
745 1292 788 1338 ex
805 1266 878 1338 hoc
891 1265 957 1338 sibi
969 1265 1152 1358 referrent.

395 1511 493 1564 XCVI.
506 1539 541 1553 -
554 1509 660 1578 Quod*
676 1511 781 1582 regibus
796 1507 970 1562 nuntiatum*
986 1507 1036 1574 sit,
1052 1507 1189 1582 episcopos
1204 1503 1376 1576 Garmaniae*

584 1602 586 1608 ‘
704 1601 732 1652 in
760 1598 908 1664 sinodum*
930 1595 1081 1652 convenire.
1149 1591 1151 1602 ¹

396 1775 515 1871 Legati
531 1775 636 1870 igitur
659 1773 785 1846 directi
811 1787 906 1845 sunt.
936 1773 1079 1874 Legatio
1107 1794 1252 1868 quoque
1265 1766 1419 1868 prolata.
1486 1862 1497 1876 „

346 1894 465 1979 Quam
500 1893 607 1963 etiarn
648 1916 747 1989 reges
777 1892 1000 1963 serenissima
1029 1903 1149 1961 mente
1185 1888 1419 1987 excipientes,

345 2012 446 2105 pa'pae
462 2023 498 2079 et
514 2009 766 2107 episcoporum
784 2007 961 2080 mandatis
978 2007 1015 2076 in
1034 2005 1134 2077 nullo
1153 2021 1240 2076 tunc
1259 2003 1421 2098 refragati

344 2139 446 2215 sunt3
463 2147 537 2196 sese
549 2125 739 2196 consilium
761 2148 869 2223 super
881 2123 953 2195 hoc
972 2125 1180 2223 quaesitnros
1202 2119 1422 2220 responden-

344 2254 416 2330 tes,
449 2256 563 2338 atque.
583 2241 784 2339 aequitatem
811 2240 857 2312 de
886 2239 1054 2311 omnibus
1085 2239 1252 2311 facturos.
1285 2237 1421 2335 Legatis

343 2358 462 2456 itaque
480 2357 662 2449 abductis,
690 2383 755 2458 per
777 2357 954 2455 quosdam
976 2356 1118 2454 regibus
1143 2356 1340 2444 indicatum
1369 2369 1421 2426 est

343 2474 619 2568 adalberonem,
635 2476 910 2550 Laudunensern
929 2476 1151 2575 episcopum,
1172 2473 1247 2562 haec
1260 2473 1346 2552 dolo
1366 2497 1420 2543 or

343 2591 503 2683 dinassc;
530 2594 680 2664 omnino
706 2593 813 2664 etiam
840 2591 938 2690 apud
969 2591 1137 2663 Odonem
1164 2589 1253 2661 illud
1277 2588 1418 2688 pridem

341 2707 575 2806 pertractasse
583 2719 596 2799 '3
628 2719 755 2780 eorum
779 2723 972 2804 utrumque
1000 2708 1036 2782 in
1060 2721 1146 2802 voto
1174 2705 1353 2795 habuisse,
1381 2720 1421 2776 ut

342 2811 653 2920 Ottonem-regem
671 2823 793 2912 Gailiis
806 2822 1030 2912 inducerent,
1050 2835 1086 2892 et
1103 2845 1202 2916 reges
1223 2820 1366 2916 ingenio
1385 2835 1420 2891 et

342 2939 477 3010 viribus
488 2939 588 3010 'foras
607 2955 871 3036 expungerent3
892 2924 1080 3037 episcopos
1103 2963 1249 3036 quoque
1273 2940 1420 3008 Germa·

341 3056 408 3133 niae
420 3055 503 3126 ideo
518 3056 729 3144 convenire,
756 3072 795 3127 ut
812 3054 938 3126 dolum
955 3038 1141 3153 qnaesitum
1157 3052 1334 3151 expleant.
1358 3056 1420 3125 Re·

341 3196 401 3269 ges
414 3173 534 3270 itaque
553 3171 677 3253 fraude
688 3187 869 3272 percepta,
884 3171 1060 3270 ¹episcopis
1069 3171 1144 3266 jam
1163 3170 1209 3242 ad
1226 3171 1348 3251 locum
1362 3168 1421 3240 de·

341 3291 519 3387 signatum
534 3289 542 3326 ⁴
572 3290 867 3364 convenientibus
889 3315 954 3387 per
972 3288 1107 3386 legatos
1124 3287 1327 3359 indicavere
1342 3311 1417 3358 sese

339 3408 424 3480 illuc
442 3434 518 3480 non
532 3409 658 3499 ituros,
682 3394 728 3480 eo
748 3407 847 3504 quod
863 3431 1012 3479 suorum
1033 3407 1232 3504 praecipuos
1250 3429 1361 3502 penes
1380 3428 1417 3475 se

341 3549 416 3597 non
429 3525 616 3616 haberent,
637 3526 713 3596 sine
730 3549 886 3622 quorum
897 3523 1046 3595 consilio
1058 3521 1147 3593 nihil
1164 3520 1343 3618 agendum
1360 3519 1417 3591 vel

340 3639 582 3712 omittendum
599 3640 808 3741 videbatur3
827 3639 1015 3736 indignum
1036 3638 1145 3711 etiarn
1162 3635 1229 3708 sibi
1243 3635 1370 3727 videri,
1389 3636 1418 3706 si

339 3758 554 3854 correctioni
575 3752 827 3858 episcopcrum
847 3756 1048 3828 Germaniae
1063 3779 1147 3828 suos
1166 3752 1309 3845 subdat,
1333 3777 1418 3824 cum

338 3875 396 3947 isti
407 3893 482 3945 non
496 3875 615 3952 minus
627 3874 778 3965 nobiles,
791 3898 867 3946 non
876 3875 996 3945 minus
1007 3886 1183 3974 potentes,
1201 3895 1301 3967 aeqne
1312 3871 1419 3942 etiam

339 4007 400 4065 aut
413 3991 565 4092 atnplius
578 3993 755 4091 sapientes
770 3992 851 4063 sint.
873 3992 944 4091 Ipsi
955 4016 1040 4088 ergo
1055 3991 1084 4062 si
1098 3988 1273 4085 indigent,
1287 3988 1327 4060 in
1340 3985 1419 4058 Gal·

373 4217 389 4252 *
408 4215 500 4283 Quod,
512 4218 633 4282 nuntiat,
646 4235 736 4288 germ,
749 4216 874 4270 sinodum
886 4217 990 4269 abscisa.

377 4302 385 4332 ¹
405 4319 484 4371 quem
494 4315 566 4372 reges
578 4301 777 4373 designaverant
793 4305 818 4354 t.
