3314 5294
336 553 378 614 91
695 551 862 613 mental
885 551 958 612 nte.
981 551 1041 611 111:

337 687 538 756 Germanus
551 683 696 756 tandem
711 685 823 758 telum
833 685 1022 781 jaculatus,
1039 682 1131 756 Galli
1148 683 1304 784 clipeum
1315 684 1413 781 gravi

336 802 409 873 ictu
428 801 634 900 pertundit,
651 801 841 900 gladioque
861 801 992 874 educto
1005 788 1090 873 curn
1112 825 1238 899 urgere
1251 802 1410 891 instaret,

335 947 357 995 3
374 923 478 995 Gallo
496 950 581 1015 mox
598 924 670 997 telo
692 925 877 1024 obliquato
895 924 1075 1015 confixus,
1097 940 1203 1022 atque
1222 925 1293 996 vita
1310 925 1318 960 ⁴
1339 925 1412 1024 pri·

336 1056 438 1113 vatus
460 1058 525 1115 est.
542 1043 665 1115 Gallus
688 1037 837 1116 victoria
853 1044 1006 1143 potitus,
1024 1043 1070 1115 ab
1082 1043 1186 1114 hoste
1200 1057 1302 1140 rapta
1315 1066 1414 1113 arma

335 1161 548 1258 asportavit,
573 1176 680 1259 atque
700 1161 785 1234 duci
805 1160 944 1261 obtulit.
962 1162 1025 1232 Vir
1039 1161 1139 1233 fortis
1150 1161 1338 1259 praemium
1350 1185 1414 1259 pe-

335 1276 389 1348 tiit
401 1291 437 1349 et
449 1277 597 1376 accepit.
713 1369 717 1377 ι

393 1531 398 1550 5
425 1471 565 1524 Lxxvn.
574 1473 725 1526 -0110310
738 1492 754 1526 3
770 1471 880 1526 Gallia*
891 1473 1016 1544 digressio
1029 1474 1212 1543 suorumque*
1228 1471 1321 1543 fugarit.

384 1616 470 1684 Otto
490 1613 675 1686 Gallorum
696 1615 890 1686 exercitum
915 1615 1046 1685 sensim
1070 1611 1188 1710 colligi
1211 1636 1286 1682 non
1313 1612 1412 1708 igno·

336 1754 438 1821 rans,
461 1756 567 1803 suum
585 1733 693 1804 etiam
708 1747 783 1804 tam
802 1731 911 1829 longo
925 1731 1052 1803 itinere
1065 1755 1175 1828 quam
1187 1729 1344 1802 hostium
1357 1728 1412 1798 in·

335 1871 441 1920 cursu
467 1874 574 1948 posse
602 1849 719 1920 minui
745 1831 880 1940 sciens,
910 1847 1028 1921 redire
1054 1846 1231 1946 disponit;
1261 1861 1297 1918 01
1322 1844 1413 1916 (13110

335 1963 443 2061 signis
463 1979 581 2054 eastra
607 1979 832 2054 amoverunt.
865 1964 1033 2061 Angarias
1049 1988 1196 2061 quoque
1215 1960 1413 2034 accelerare

330 2077 450 2158 moliti
466 2095 570 2170 sunt;
592 2081 793 2177 amotisque
817 2079 1007 2171 omnibus,
1030 2079 1130 2151 ibant
1148 2089 1225 2150 non'
1245 2079 1411 2175 segniter,

334 2217 402 2266 nec
423 2195 499 2267 sine
513 2210 625 2266 metu.
643 2199 774 2267 Anonae
787 2195 885 2267 fluvii
903 2195 995 2267 vada
1013 2195 1219 2267 festinantes
1232 2193 1291 2265 alii
1303 2208 1414 2264 trans·

335 2311 524 2402 miserant,
546 2307 614 2384 alii
635 2319 722 2389 vero
747 2307 1056 2409 ingrediebantur,
1086 2336 1170 2383 cum
1196 2311 1369 2406 exercitus
1393 2334 1414 2381 a

335 2453 418 2526 rege
442 2429 571 2501 missus
596 2424 738 2527 atergo
768 2428 1015 2501 festinantibus
1046 2428 1157 2500 affirit.
1184 2429 1255 2516 Qui
1282 2427 1414 2527 reperti

334 2545 454 2638 111010,
477 2573 563 2619 mox
576 2535 872 2646 gladiishostium
890 2547 958 2618 1301
978 2561 1082 2637 0331,
1107 2545 1228 2644 plures
1246 2544 1411 2644 quidem,

335 2677 372 2734 at
384 2661 484 2734 nullo
496 2663 645 2734 nomine
659 2660 756 2734 clari.
771 2665 858 2734 Otto
871 2662 1008 2734 interea
1020 2686 1104 2733 cum
1118 2660 1275 2733 exercitu
1287 2659 1416 2757 digres-

336 2803 418 2868 sus,
444 2779 622 2875 Belgicam
644 2773 764 2875 petiit,
785 2777 907 2875 ibique
924 2778 1151 2876 procinctum
1171 2776 1296 2867 solvit;
1315 2790 1415 2848 tanto

335 2894 456 2966 favore
479 2910 515 2968 et
530 2873 774 2965 benivolentia
792 2892 890 2990 apud
908 2917 992 2964 suos
1011 2917 1117 2983 3030,
1141 2886 1181 2963 31
1194 2894 1284 2965 01031
1299 2893 1416 2963 immi-

337 3012 437 3085 nenti
453 3001 634 3111 perieulo,
653 3011 702 3081 ita
723 3006 870 3107 quoque
884 3023 920 3079 et
941 3008 1111 3081 omnibus
1129 3011 1246 3109 capita
1259 3035 1336 3096 sese
1349 3008 1418 3080 ob-

333 3128 492 3224 jecturos
504 3127 771 3227 pollicerentur.

798 3299 953 3351 LXXVIII.
979 3343 982 3348 .

387 3437 575 3520 Lotharius
596 3447 828 3520 considerans
854 3451 1027 3521 Ottonem
1060 3472 1180 3545 neque
1207 3446 1300 3519 dolis
1325 3446 1417 3539 13111,

338 3590 458 3662 neque
471 3564 606 3637 'viribus
622 3589 729 3664 posse
750 3564 913 3654 devinci,
938 3588 1023 3662 sepe
1042 3578 1078 3634 et
1093 3563 1249 3634 multum
1267 3563 1364 3662 apud
1382 3588 1421 3635 se

339 3682 539 3781 quaerebat,
560 3697 683 3755 utrum
704 3683 825 3782 potius
844 3682 936 3754 foret
954 3697 1048 3753 stare
1066 3697 1192 3754 contra
1211 3680 1354 3752 hostem
1374 3706 1420 3772 an

340 3799 562 3873 reconciliari
583 3799 690 3871 hosti.
713 3800 748 3898 Si
762 3815 871 3873 staret
884 3814 1030 3889 contra,
1055 3798 1234 3896 cogitabat
1251 3797 1421 3896 possibile

341 3941 418 3991 esse
434 3917 565 3991 ducem
587 3915 717 4016 opibus
734 3916 931 4016 corrumpi,
951 3931 987 3989 et
1004 3917 1040 3987 in
1063 3914 1261 3994 amiciciam
1280 3916 1422 3987 Ottonis

340 4034 463 4106 relabi.
485 4035 522 4105 Si
538 4033 829 4106 reconciliaretur
842 4034 950 4124 hosti,
972 4033 1010 4104 id
1032 4058 1109 4106 esse
1131 4033 1419 4122 accelerandum,

377 4254 393 4288 ¹*
412 4253 470 4318 llia,
484 4271 515 4317 o,
529 4272 574 4318 su,
587 4272 619 4324 ga
635 4253 742 4304 abscisa.

379 4339 386 4368 ¹
407 4336 486 4389 armis
499 4356 560 4387 corr.
576 4337 638 4388 vita.
