3314 5294
300 493 361 556 tat
663 493 828 556 lllCHEltl
852 493 927 556 Llll.
952 496 1011 555 lll.

299 653 361 702 rex
380 626 446 708 sibi
471 627 508 697 in
527 626 650 698 animo
678 621 754 699 esse
773 628 909 702 diceret
934 645 975 703 ut
994 629 1170 728 Belgicam
1188 643 1378 729 repeteret,

297 769 450 842 eamque
472 742 683 817 militaribus
707 747 819 844 copiis
843 762 1080 848 expugnaret,
1105 747 1173 846 ipsi
1194 747 1302 845 hujus
1329 750 1383 822 rei

296 864 440 936 initium
472 860 627 934 Virduni
656 863 869 937 faciendum*
898 865 1023 951 dicunt
1036 909 1052 956 ,1
1084 892 1128 938 eo
1162 865 1262 964 quod
1303 867 1381 965 ipsa

297 984 537 1083 propinquior
562 985 685 1059 civitas
711 1002 826 1080 esset,
865 1002 901 1060 et
938 983 1024 1060 sese
1048 987 1160 1059 multa
1192 986 1383 1066 obsidione
1413 966 1416 971 Ι

299 1127 379 1175 eam
409 1127 653 1200 aggressuros,
685 1129 937 1203 necunquam
961 1104 1008 1177 ab
1032 1129 1074 1178 ea
1099 1105 1168 1176 nisi
1194 1121 1300 1204 capta
1327 1131 1382 1178 re·

298 1243 480 1310 cessuros;
502 1244 574 1317 qua
592 1236 717 1321 capta,
740 1236 776 1294 et
797 1237 1020 1295 sacramento
1040 1238 1146 1318 atque
1165 1221 1290 1294 obside
1308 1223 1390 1320 regi·

300 1361 459 1427 annexa,
484 1334 634 1408 ulterius
656 1363 902 1438 processuros.
930 1336 1069 1409 Tandiu
1091 1338 1198 1410 etiam
1224 1351 1383 1408 moratu·

298 1478 359 1524 ros
377 1453 415 1523 in
431 1451 589 1550 Belgica,
615 1453 733 1526 donec
752 1469 814 1524 aut
832 1454 938 1526 armis
956 1470 1199 1552 expugnetur,
1221 1469 1282 1526 aut
1298 1454 1384 1526 victi

297 1569 411 1668 Belgae
434 1568 715 1642 in'deditionetn
735 1591 863 1649 omnes
881 1584 1075 1646 transeant.
1098 1573 1265 1656 Quorum
1278 1594 1384 1668 spon·

297 1687 400 1759 sione
424 1702 611 1786 suscepta,
638 1713 701 1760 rex
718 1712 803 1760 cunr
824 1688 911 1788 ipsis
929 1689 1126 1761 exercitum
1144 1712 1231 1760 mox
1254 1687 1384 1760 Virdu·

299 1835 390 1884 num
408 1809 582 1882 admovit.

620 1978 668 2034 CI.
682 2009 718 2021 -
731 1978 1023 2051 Virduni'expugnatio
1034 1979 1059 2030 ¹⁵.

350 2117 439 2203 Quae
463 2115 590 2196 civitas¹
611 2139 655 2188 eo
683 2115 752 2186 situ
776 2114 896 2214 posita
920 2129 996 2206 est,
1024 2128 1064 2185 ut
1095 2138 1116 2185 a
1137 2115 1277 2206 fronte,
1307 2113 1384 2212 pla·

300 2232 387 2304 nitie
407 2232 532 2331 pervia
556 2231 759 2305 meantibus
785 2256 966 2304 accessum
990 2230 1168 2330 praebeat3
1200 2255 1220 2303 a
1247 2246 1347 2328 tergo
1370 2232 1379 2268 ‘

300 2348 554 2421 inaccessibilis
585 2349 641 2421 sit.
676 2347 731 2419 lbi
755 2349 852 2420 enim
876 2373 897 2420 a
927 2372 1071 2420 summo
1098 2349 1135 2419 in
1160 2349 1382 2447 posteriora,

215 2469 218 2476 '
300 2465 485 2566 profixndo
513 2466 614 2537 hiatu
639 2464 919 2563 circumquaque
950 2462 1184 2554 distenditur;
1222 2461 1268 2535 ab
1293 2463 1387 2534 infe-

301 2581 458 2654 rioribus
477 2607 565 2654 vero
590 2581 638 2654 ad
664 2603 869 2672 summum,
901 2579 1052 2679 rupibus
1074 2580 1262 2678 praeruptis
1296 2594 1387 2678 arta-

299 2710 382 2788 tur;
411 2722 491 2794 quae
523 2721 599 2769 non
631 2697 749 2799 solum
788 2711 927 2769 scatens
955 2695 1136 2789 fontibus,
1175 2697 1385 2794 puteisque,

302 2813 430 2885 incolis
457 2813 716 2905 accommoda,
743 2813 807 2885 sed
832 2828 867 2885 et
890 2813 999 2886 fluvio
1018 2812 1118 2886 Mosa
1145 2837 1225 2886 eam
1248 2838 1270 2886 a
1293 2838 1388 2912 prae-

303 2944 411 3029 rupta
434 2944 537 3028 parte
564 2928 753 3020 abluente,
781 2930 986 3001 nemorosa.
1016 2930 1086 3002 Ubi
1115 2955 1201 3027 ergo
1225 2955 1246 3001 a
1269 2929 1388 3002 fronte
1472 3006 1478 3016 ,

301 3038 490 3143 planitiem
507 3045 649 3144 praefert
670 3046 864 3143 pugnaturi
881 3035 1065 3119 machinas
1083 3045 1228 3118 bellicas
1248 3046 1389 3144 generis

305 3161 437 3235 diversi
459 3177 639 3261 aptavere.
675 3167 748 3234 Nec
775 3163 894 3233 minus
921 3162 1047 3259 quiin
1076 3161 1165 3234 urbe
1193 3176 1314 3252 erant,
1341 3160 1389 3233 ad

254 3273 259 3282 ’
302 3279 541 3354 resistendum
560 3301 638 3350 sese
657 3277 906 3375 expediebant.
930 3282 1132 3375 Pugnatum
1158 3292 1212 3349 est
1238 3269 1386 3349 tandem

303 3411 388 3469 octo
416 3393 527 3468 ferme
551 3394 733 3466 continuis
758 3393 898 3466 diebus.
929 3397 973 3466 At
995 3394 1090 3466 cives
1107 3417 1203 3465 ‘cum
1226 3393 1390 3465 viderent
1508 3427 1510 3430 ·

305 3512 403 3585 nulla
438 3535 459 3584 a
498 3512 573 3583 suis
601 3511 819 3583 extrinsecus
853 3509 1017 3606 suffragia
1045 3511 1158 3600 mitti,
1201 3534 1268 3582 nec
1295 3510 1389 3607 jugis

305 3629 416 3730 praelii
444 3629 588 3726 pondus
619 3654 667 3700 se*
686 3628 840 3700 tolerare
864 3653 971 3724 posse
992 3627 1027 3716 ²,
1048 3627 1199 3698 consilio
1224 3628 1313 3698 inito
1337 3628 1391 3718 in·

306 3745 480 3844 dampnes
505 3760 541 3817 et
562 3742 684 3816 intacti
710 3743 875 3816 hostibus
902 3768 1050 3815 cessere.
1085 3743 1219 3816 Urbem
1245 3769 1391 3844 aperue-

304 3878 410 3952 runt,
432 3879 468 3935 et
480 3847 563 3934 'sese
580 3861 750 3932 Lothario
769 3845 854 3934 victi
873 3859 1095 3932 obtulerunt.

342 4090 357 4124 *
375 4091 412 4154 V,
427 4109 441 4142 e
459 4089 563 4142 abscisa.

348 4178 355 4209 ¹
377 4189 397 4228 t.
413 4188 439 4226 et
450 4176 530 4227 latere
545 4187 657 4244 utroque
671 4172 762 4224 deleta.
955 4207 958 4214 ⁴

344 4261 357 4292 ¹
375 4280 404 4332 p.
418 4276 567 4331 paucosque
580 4257 742 4312 multitudini
758 4256 850 4310 cedere
864 4256 955 4310 deleta.
