3308 5286
348 533 389 595 56
710 531 878 595 manual
900 531 974 593 tta.
997 533 1057 593 ΙΙΙ.

348 665 682 766 comprehensione.
711 669 801 737 Nam
825 680 989 764 tempore
1010 680 1189 738 nocturno
1217 666 1426 741 ardentibus

257 877 266 886 .
349 782 457 855 stellis
482 808 631 881 operam
657 781 785 874 dabat3
806 782 1003 880 agebatque
1025 797 1064 854 ut
1082 809 1141 855 aas
1162 784 1200 854 in
1219 783 1347 856 mundi
1369 811 1426 857 re·

349 899 516 997 gionibus
536 901 685 974 diversis
702 899 915 998 obliquatas,
941 915 1015 980 tam
1033 901 1071 971 in
1092 915 1173 973 ortu
1186 927 1297 1010 quam
1309 901 1347 980 in
1365 927 1427 976 oc·

350 1042 434 1090 casu
453 1032 628 1090 notarent.

507 1589 553 1644 hl.
567 1617 603 1628 -
615 1588 832 1648 intellectilium*
848 1587 1009 1644 cirurlorum
1022 1587 1222 1660 comprehensio
1236 1587 1263 1639 *.

400 1746 531 1820 Circuli
566 1772 712 1844 quoque
743 1749 805 1845 qui
836 1771 857 1818 a
888 1748 1017 1820 Graecis
1043 1747 1221 1846 paralleli,
1254 1744 1432 1817 aLatinis

351 1867 576 1964 aequistantes
590 1863 770 1954 dicuntur,
787 1888 879 1960 quos
894 1851 1010 1937 etiam
1019 1864 1263 1964 incorporales
1275 1888 1353 1962 esse
1366 1863 1433 1934 du·

350 1981 453 2052 bium
471 2004 546 2051 non
559 1994 625 2068 est,
645 1979 713 2074 hac
732 1978 778 2058 ab
792 2005 836 2052 eo
850 1995 926 2058 arte
943 1980 1194 2080 comprehensi
1217 1992 1429 2051 noscuntur.
1516 2051 1518 2054 ,

353 2099 477 2172 Effecit
495 2098 758 2178 semicirculum
771 2112 868 2170 recta
882 2097 1056 2170 diametro
1071 2098 1239 2178 divisum.
1256 2096 1327 2167 Sed
1338 2094 1434 2166 hanc

353 2216 569 2288 diametrum
593 2213 748 2286 fistulam
770 2215 970 2304 constituit,
998 2215 1036 2292 in
1060 2215 1161 2310 cujus
1187 2211 1434 2286 cacuminibus

353 2335 446 2406 duos
472 2331 577 2430 polos
606 2329 759 2402 bore-um
783 2345 827 2426 ἱεῐ
848 2330 1125 2402 austronothum
1148 2329 1328 2402 notandos
1357 2352 1434 2400 esse

290 2519 295 2538 ,
354 2453 515 2524 instituit.
532 2448 802 2522 Semicirculum
819 2473 906 2521 vero
927 2473 949 2519 a
972 2448 1060 2546 polo
1084 2448 1131 2533 ad
1142 2446 1275 2546 polum
1293 2447 1435 2542 triginta

355 2568 515 2668 partibus
529 2566 658 2639 divisit.
680 2569 842 2653 Quarum
861 2590 922 2636 sex
935 2590 957 2635 a
968 2564 1056 2663 polo
1077 2564 1263 2664 distinctis,
1280 2563 1435 2636 fistulam

355 2680 531 2772 adhibuit,
553 2707 619 2780 per
637 2706 748 2778 quam
765 2681 947 2752 circularis
965 2680 1060 2754 linea
1079 2682 1200 2754 arctici
1222 2681 1431 2778 signaretur.

356 2807 442 2873 Post
455 2823 544 2897 quas
555 2800 662 2869 otiam
679 2798 839 2894 quinque
853 2796 1020 2887 diductis,
1041 2797 1197 2868 fistulam
1213 2822 1359 2894 quoque
1372 2796 1436 2868 ad·

353 2919 453 3014 jecit,
480 2940 560 3014 quae
582 2915 773 2993 aestivalem
793 2915 1061 2987 circulationem
1085 2915 1270 2986 indicaret.
1300 2914 1438 2988 abinde

357 3057 504 3130 quoque
530 3044 660 3128 quator
685 3030 825 3122 divisis,
859 3031 1016 3105 fistulam
1047 3031 1244 3103 identidem
1279 3030 1435 3121 addidit,

358 3148 455 3220 unde
480 3147 735 3245 aequinoctialis
762 3149 963 3222 rotunditas
993 3149 1318 3222 commendaretur.
1349 3147 1439 3220 Reli-

357 3292 472 3366 quum
488 3275 576 3337 vero
592 3267 747 3365 spatium
768 3266 946 3363 usquead
971 3267 1112 3339 notium
1132 3266 1277 3364 polum,
1303 3265 1439 3337 eisdem

359 3382 642 3456 dimensionibus
654 3382 825 3454 distinxit.
842 3383 952 3479 Cujus
964 3383 1190 3455 instrumenti
1207 3383 1297 3456 ratio
1310 3384 1348 3454 in
1366 3398 1441 3455 tan-

359 3517 438 3573 tum
456 3500 579 3590 valuit,
600 3514 640 3570 ut
658 3498 705 3570 ad
722 3498 849 3597 polum
871 3523 935 3570 sua
958 3499 1132 3571 diametro
1154 3499 1301 3590 directa,
1323 3525 1365 3570 ac
1385 3525 1439 3571 se·

360 3621 533 3706 micirculi
549 3621 788 3720 productione
806 3622 969 3719 superius
988 3647 1107 3712 versa,
1133 3621 1285 3694 circulos
1307 3622 1440 3695 visibus

360 3743 577 3839 inexpertos,
602 3739 757 3812 scientiae
770 3733 884 3829 daret,
909 3754 1015 3837 atquc
1035 3739 1105 3810 alta
1127 3741 1301 3818 memoria
1314 3765 1441 3816 recon-

362 3857 504 3940 deret¹.
597 3887 602 3896 ·

398 4095 414 4130 *
434 4096 482 4162 In,
500 4094 535 4159 ti,
553 4110 662 4164 compre
678 4093 782 4146 abscisa.

400 4181 408 4207 ¹
429 4198 453 4230 r.
471 4176 523 4233 Sed
539 4178 591 4230 hoc
608 4177 642 4231 ad
665 4179 776 4232 circulos
791 4177 991 4231 intellectibiles.
1013 4177 1121 4244 Quanto
1142 4175 1219 4230 etiam
1240 4173 1328 4234 studio
1352 4181 1443 4228 erran-

363 4263 481 4338 tiumque
497 4259 613 4316 siderum
632 4261 743 4314 circulos
760 4261 892 4333 aperuerit
909 4259 996 4314 dicere
1011 4279 1066 4314 non
1083 4259 1193 4332 pigebit.
1213 4259 1267 4330 Qui
1280 4261 1336 4326 jam
1349 4257 1442 4310 deleta.
