3320 5296
404 573 464 635 182
757 573 924 634 RlCHElll
947 573 1021 635 LlB.
1046 575 1100 635 1v.

402 731 421 771 u
442 702 528 774 dere
540 703 573 774 oi
586 703 828 801 episcopatum
847 728 921 774 non
934 703 1084 802 pigebit,
1100 703 1149 775 ita
1161 718 1280 775 tamen
1292 719 1332 776 ut
1343 730 1468 778 secun-

401 818 528 890 udum
550 819 782 918 prudentium
806 819 1087 911 ordinationem,
1112 821 1322 892 sacramenti
1346 838 1467 894 aucto·

401 963 419 1002 u
441 935 542 1007 ritate
555 934 644 1005 mihi
657 960 814 1006 conexus
832 937 888 1028 sit,
910 964 927 1002 n

682 1133 785 1185 XXIX.
796 1163 832 1174 -
843 1131 1023 1205 Cirographi*
1039 1134 1177 1206 scriptum.

446 1309 464 1347 u
486 1283 530 1349 Et
556 1293 595 1350 ut
619 1280 761 1376 penitus
788 1279 916 1350 mentis
940 1294 1154 1377 conceptum
1180 1280 1356 1377 aperiam,
1384 1297 1466 1379 post

396 1425 416 1491 u
432 1396 620 1493 jurationis
634 1410 915 1487 sacramentum,
932 1397 1182 1496 cirographum
1195 1395 1241 1467 ab
1255 1422 1299 1469 eo
1312 1396 1467 1469 seriben-

397 1540 415 1578 «
437 1511 525 1583 dum
543 1525 652 1609 puto,
669 1512 792 1609 inquo
807 1512 1065 1606 maledictionis
1084 1512 1273 1605 anathema
1294 1512 1470 1604 habeatur

397 1655 416 1695 u
437 1626 666 1724 hujusmodi,
687 1626 786 1724 quud
806 1630 839 1700 ei
851 1630 1076 1728 impraecetur
1089 1653 1156 1728 pro
1170 1629 1328 1700 felicibus
1342 1646 1468 1701 contu-

399 1772 417 1827 u
437 1743 605 1837 meliosa,
634 1769 702 1844 pro
728 1745 937 1840 salutaribus
972 1745 1185 1844 pernitiosa,
1214 1771 1280 1844 pro
1311 1746 1471 1826 honestis

399 1889 417 1950 u
438 1863 576 1958 turpia,
599 1886 667 1959 pro
681 1861 911 1934 diuturnitate
924 1877 1118 1961 punctum,
1138 1887 1206 1960 pro
1223 1861 1365 1948 honore
1385 1885 1472 1932 con·

399 1991 634 2074 «temptum,
663 1993 717 2067 et,
734 1993 775 2064 ut
791 1993 908 2050 toturn
932 1977 1181 2066 concludatur,
1208 2001 1275 2075 pro
1303 1974 1472 2048 omnibus

400 2121 418 2161 u
438 2091 543 2164 honis
558 2094 680 2165 omnia
699 2092 804 2164 mula.
826 2092 935 2179 Quod
947 2093 1054 2164 etiam
1066 2091 1273 2191 bipertitum
1295 2090 1372 2170 fieri
1390 2092 1469 2190 pla-

401 2238 419 2284 «
441 2223 514 2301 cet,
528 2209 683 2290 alterum,
691 2210 798 2301 mihi,
815 2208 881 2281 sibi
894 2209 1045 2282 alterum
1058 2208 1287 2284 concedatur.
1300 2209 1470 2296 Quando-

401 2355 420 2393 «
440 2350 511 2422 que
522 2327 628 2412 etiarn
640 2326 712 2398 hoc
722 2325 773 2398 illi
784 2313 977 2398 calumnias
990 2327 1144 2422 ingeret,
1161 2327 1191 2397 si
1202 2326 1352 2424 turpiter
1364 2351 1385 2396 a
1398 2324 1471 2397 fide

402 2471 419 2511 u
441 2441 606 2516 dectinet.
627 2472 645 2511 n
667 2449 741 2516 Hac
759 2443 984 2542 promulgata
999 2442 1192 2533 sententia,
1216 2441 1253 2512 id
1273 2442 1320 2513 ita
1341 2440 1471 2513 facien·

399 2557 489 2630 dum
508 2559 553 2631 ab
566 2559 733 2632 omnibus
745 2559 929 2633 laudatum
950 2575 1013 2632 est.
1035 2559 1330 2655 Procedit-itaque
1347 2558 1472 2654 Arnul·

399 2674 455 2746 fus
479 2699 614 2747 coram.
632 2676 668 2746 Si
691 2674 728 2745 id
745 2676 930 2747 inventum
954 2674 1093 2766 laudet,
1110 2673 1317 2771 consulitur.
1346 2677 1399 2744 An
1422 2675 1472 2744 sie

401 2791 568 2890 suscipiat
580 2790 679 2888 quod
691 2792 798 2889 petit,
821 2792 1027 2863 sciscitatur.
1054 2790 1117 2861 Ille
1135 2789 1285 2860 honoris
1298 2787 1469 2885 cupidus,

400 2907 587 2980 inventum
611 2905 751 3001 laudat,
772 2933 848 2980 sese
873 2909 922 2978 sic
945 2931 1051 3004 posse
1075 2907 1253 3005 suscipere
1281 2899 1468 2976 asseverat.

401 3025 523 3094 Jussus
552 3024 672 3121 itaque
699 3024 949 3124 cirographum
974 3022 1181 3122 bipertitum
1208 3021 1360 3116 notauit.¹
1387 3022 1473 3118 Regi

402 3139 570 3236 alterum,
586 3140 737 3217 alterum
751 3140 817 3212 sibi
834 3141 997 3234 servavit.

597 3330 686 3385 XXX.
699 3360 735 3373 —
745 3330 894 3400 Eukaristia
903 3327 936 3366 Η*
950 3347 1027 3383 causa
1038 3328 1193 3401 perditionis
1206 3327 1278 3382 date.

450 3478 558 3564 Quod
571 3501 655 3550 curn
665 3478 739 3578 regi
751 3472 1108 3576 penitustsufficeret,
1135 3472 1309 3572 episcopis
1327 3486 1469 3562 tamen,

400 3610 441 3692 ut
458 3593 581 3687 fertur,
596 3620 671 3686 non
688 3593 770 3666 satis
782 3592 819 3686 id
830 3593 946 3664 visum
964 3606 1032 3681 est,
1053 3590 1120 3662 nisi
1132 3586 1222 3684 illud
1238 3588 1345 3678 etiam
1362 3585 1471 3658 adde·

400 3726 511 3808 retur,
528 3726 568 3782 ut
581 3712 617 3781 in
631 3711 818 3804 missarum
838 3706 1074 3780 celebratione
1093 3703 1318 3778 eukaristiam
1331 3726 1352 3773 a
1364 3725 1474 3772 sacer

401 3829 486 3923 dote
502 3842 674 3918 sumeret,
698 3851 847 3924 eamque
867 3824 1077 3924 perditionis
1102 3845 1246 3894 causam
1267 3818 1334 3890 sibi
1356 3819 1474 3916 inpre-

402 3945 519 4023 cando
552 3969 674 4032 coram
709 3958 865 4042 optaret,
904 3941 934 4012 si
962 3938 1072 4010 fidem
1101 3936 1270 4012 violando
1301 3957 1473 4030 umquam

402 4061 562 4135 desertor
592 4059 704 4132 fieret.
734 4056 842 4146 Quod
870 4072 905 4131 et
930 4045 1062 4129 factum
1086 4055 1162 4127 luit.
1192 4058 1281 4148 Nam
1307 4049 1473 4132 sacerdos

437 4251 452 4286 *¹
472 4251 517 4304 Cir
529 4251 616 4303 aberis.

436 4341 468 4378 *¹*
486 4341 509 4404 E
524 4339 611 4391 abetis.
