3314 5294
350 551 389 609 86
706 553 873 614 RlCHElll
895 554 970 617 tta.
994 553 1054 614 lll.

294 663 295 668 ἵ
348 683 434 752 catis
451 683 558 780 siqui
578 684 668 760 forte
687 687 695 721 ¹
724 685 978 778 abscesserant,
994 711 1188 784 regnorum
1201 685 1423 784 principibus

347 798 384 868 in
402 824 517 871 unum
529 801 703 893 collectis,
721 828 843 875 coram
857 804 908 875 sic
926 803 1066 875 locutus
1084 817 1160 874 est:

469 921 480 948 χ
1186 926 1187 932 ,

594 1056 723 1108 LXXIII.
733 1085 770 1098 -
780 1055 895 1109 Oratio*
908 1055 1012 1108 Ottonis
1023 1055 1082 1109 ad*
1095 1050 1164 1108 suos.

399 1229 416 1268 n
438 1205 518 1272 Non
530 1202 576 1273 ab
592 1229 644 1293 re,
655 1202 722 1274 viri
734 1201 832 1295 clari,
843 1202 916 1274 huc
926 1228 991 1275 vos
1003 1200 1213 1290 convenisse
1223 1203 1334 1276 volui.
1348 1205 1422 1275 Vir·

350 1346 368 1385 «
388 1332 446 1389 tus
457 1334 571 1390 vestra
580 1320 885 1417 suggessitavobis
895 1320 1084 1392 consilium
1093 1337 1271 1419 expetere,
1284 1345 1375 1419 quos
1387 1335 1424 1393 et

350 1463 369 1502 n
389 1436 573 1532 ingenium
584 1437 744 1527 decorat,
758 1454 793 1510 et
805 1439 916 1509 animi
927 1439 1037 1509 virtus
1046 1434 1226 1510 informat.
1237 1443 1310 1511 Nec
1324 1438 1425 1510 dubi·

350 1582 369 1621 «
389 1555 461 1624 tavi
474 1579 532 1626 me
546 1555 938 1653 suscepturumavcbis
949 1556 1076 1652 optimi
1086 1555 1225 1627 consilii
1232 1557 1422 1645 rationem,

352 1697 370 1737 n
390 1695 475 1741 cum
488 1671 534 1742 ab
547 1673 669 1743 animo
680 1697 756 1742 non
769 1673 972 1762 excesserit,
987 1687 1123 1770 quanto
1137 1673 1278 1763 anirno,
1291 1687 1426 1770 quanta

352 1788 520 1859 «virtute
552 1789 590 1858 in
615 1786 687 1859 fide
713 1788 887 1876 hactenus
911 1789 1120 1887 perstitistis.
1152 1793 1243 1861 Ante
1269 1789 1337 1860 hac
1359 1789 1426 1860 viri

352 1932 370 1971 a
391 1903 594 1997 clarissimi,
611 1906 746 2002 ingenti
759 1906 888 1976 virtute
909 1930 976 2003 pro
996 1895 1141 2003 egregiae
1156 1903 1272 1984 laudis
1284 1903 1427 1976 honore

351 2049 370 2090 ι(
391 2037 426 2094 et
443 2020 556 2119 gloria
568 2024 757 2120 sategistis,
774 2047 859 2093 cum
877 2037 913 2094 et
930 2022 1080 2094 consilio
1094 2022 1197 2114 clari,
1213 2035 1250 2094 et
1261 2020 1358 2094 bello
1375 2023 1428 2093 in·

352 2167 370 2208 u
390 2140 474 2211 vieti
486 2119 673 2214 enituistis.
687 2129 943 2237 Nuncquoque
957 2140 1084 2212 eadem
1094 2141 1225 2212 virtute
1236 2139 1426 2240 nitendum

353 2273 464 2348 uest,
489 2282 537 2329 ne
556 2256 655 2328 laudi
676 2258 823 2356 egregiae
840 2258 953 2356 turpis
975 2256 1120 2328 infamia
1141 2256 1321 2329 succedat.
1343 2258 1426 2328 Eni-

352 2403 369 2442 «
390 2375 507 2446 timini
525 2399 610 2472 ergo
629 2399 696 2473 pro
719 2373 872 2461 viribus,
909 2389 946 2446 et
967 2375 996 2446 si
1018 2374 1106 2472 quid
1125 2373 1317 2464 ¹dedecoris
1340 2399 1426 2446 con·

353 2492 563 2582 «traxistis,
591 2515 612 2562 a
638 2507 736 2563 tanta
758 2489 969 2565 claritudine
1004 2490 1211 2561 amoveatis.
1244 2494 1325 2561 Non
1361 2515 1427 2562 vos

354 2636 372 2675 «
391 2607 498 2698 latet,
521 2608 610 2706 fugae
632 2608 866 2704 ignominiam
889 2606 1097 2678 aLothario
1122 2631 1239 2704 nuper
1261 2631 1329 2678 nos
1347 2631 1428 2704 pen·

354 2755 372 2792 «
394 2725 526 2796 tulisse.
544 2729 662 2812 Quam
682 2748 758 2795 non
777 2723 895 2795 solum
908 2722 1023 2814 bello,
1038 2721 1102 2794 sed
1123 2723 1230 2793 etiam
1243 2736 1360 2794 morte
1377 2747 1429 2794 re·

354 2870 372 2908 n
393 2839 545 2938 pellere,
568 2855 604 2911 et
622 2855 778 2911 vestram
805 2838 1056 2911 'claritudinem
1075 2837 1198 2927 decet,
1231 2852 1268 2909 et
1287 2852 1428 2937 tempus

355 2957 575 3056 «exposcit,
598 2954 745 3027 facultas
767 2955 874 3027 etiam
900 2955 1104 3052 persuadet.
1130 2955 1167 3025 Si
1188 2955 1295 3051 igitur
1317 2955 1428 3051 magis

354 3109 372 3146 a
393 3080 570 3178 imperare
591 3102 702 3176 quam
722 3079 853 3149 servire
873 3079 987 3176 parati
1006 3078 1107 3168 estis,
1130 3076 1219 3148 dum
1235 3087 1317 3148 aetas
1335 3077 1430 3174 viget

354 3197 606 3293 «animusque
644 3195 755 3284 valet,
796 3193 868 3265 hoc
906 3193 1041 3264 lacinus
1071 3219 1117 3265 ne
1148 3191 1425 3292 parvipendatis.

354 3344 372 3383 a
393 3314 531 3411 Ingenti
559 3314 690 3397 virtute
720 3310 848 3384 efficite
874 3324 915 3381 ut
946 3309 1020 3380 sitis
1060 3299 1264 3399 formidini,
1299 3308 1430 3406 quibus

355 3460 373 3499 «
394 3431 568 3528 ignobiles
586 3446 623 3502 et
640 3429 769 3526 vulgus
791 3428 916 3500 fixistis.
941 3457 960 3497 n
986 3433 1061 3499 Hac
1086 3428 1260 3500 sententia
1287 3427 1325 3499 id
1350 3426 1428 3500 fieri

352 3548 521 3620 omnibus
533 3545 745 3647 persuasum
759 3560 823 3618 est.

614 3691 741 3743 LXXIV.
754 3716 790 3731 -
802 3689 938 3758 Equitatus
949 3686 982 3722 *θ’
993 3687 1022 3738 in
1035 3684 1158 3740 Galliam.

400 3835 538 3900 Interea
568 3831 654 3900 Otto
683 3854 767 3900 cum
798 3828 940 3925 triginta
967 3825 1110 3899 milibus
1142 3827 1155 3863 ²
1191 3829 1353 3924 equitum
1393 3826 1431 3897 in

386 4027 403 4060 *
420 4027 460 4090 0,
475 4025 510 4078 ad
522 4025 625 4077 abscisa.

388 4109 421 4145 I*
438 4111 461 4162 Ε
473 4109 540 4161 absc.

390 4194 397 4224 ¹
419 4193 438 4243 f.
453 4192 542 4246 animo
555 4192 645 4244 deleta.

389 4269 508 4340 ’ᾗῇ
