3308 5286
365 496 405 552 ro
713 493 878 557 arcuum
901 497 976 557 ue.
993 449 1059 558 ui.

364 639 416 694 tra
440 647 564 696 omnes
590 639 624 696 et
654 641 899 724 suscepturum
922 643 957 700 et
979 627 1208 703 defensurum
1232 631 1424 730 respondit.

235 749 238 758 ’
363 741 470 826 Quod
495 743 600 812 etiam
627 733 775 815 multam
793 742 981 816 sibi‘ducis
1005 746 1175 819 invidiam
1198 749 1425 846 comparavit.

857 1280 934 1332 XIX.

408 1425 603 1500 Ordinatur
619 1428 737 1524 itaque
758 1430 794 1499 in
817 1428 961 1501 basilica
978 1430 1091 1501 sancti
1115 1433 1260 1529 Remigii
1287 1431 1333 1503 ab
1358 1433 1430 1532 epi·

339 1543 474 1640 ¹scopis
486 1543 667 1613 Remensis
685 1544 893 1641 metropolis
910 1542 1147 1636 diocesaneis,
1168 1546 1324 1618 Widone
1342 1547 1431 1618 scili-

359 1673 415 1731 cet
439 1659 670 1750 suessonice,
703 1661 879 1732 Roricone
909 1661 1156 1756 Laudunensi,
1184 1662 1342 1762 Gibuino
1367 1667 1431 1735 Ca·
1520 1655 1522 1660 ¹

358 1773 561 1866 talaunico,
607 1774 761 1847 Hadulfo
800 1772 1029 1850 Noviomensi
1047 1779 1081 1870 ¹,
1123 1794 1229 1878 atque
1258 1780 1431 1852 Wicsrido

357 1888 585 1962 Virdunensi.
613 1893 810 1988 Factusque
828 1893 975 1990 praesul,
1001 1919 1085 1966 mox
1103 1895 1263 1968 tirannos
1282 1897 1344 1993 qui
1362 1923 1432 1968 suae

357 2005 520 2079 aecclesiae
549 2030 605 2077 res
636 2023 885 2105 pervaserant,
920 2023 961 2080 ut
990 2009 1037 2081 ad
1063 2011 1347 2084 satisfaciendum
1378 2038 1432 2084 re·

356 2121 485 2214 deant,
506 2123 586 2218 jure
605 2122 851 2196 aecclesiastico
869 2124 1032 2198 advocat.
1051 2131 1164 2224 Atque
1184 2127 1267 2200 indo
1278 2152 1345 2226 per
1359 2143 1431 2199 tres

358 2238 498 2309 dierum
515 2237 760 2336 quadragenas
782 2241 957 2318 concessit
974 2267 1051 2316 esse
1073 2243 1347 2318 consulendum.
1367 2334 1369 2343 k

861 2425 923 2476 XX.
941 2423 944 2430 '

375 2647 385 2666 .
406 2553 559 2625 Evoluto
578 2527 664 2623 uero
682 2568 862 2651 tempore,
883 2553 1094 2626 Tetbaldum
1112 2551 1328 2621 Turonicum
1348 2575 1430 2622 cum

359 2667 434 2741 aliis
451 2692 571 2740 rerum
594 2667 918 2740 aecclesiasticarum
939 2665 1189 2765 pervasoribus
1207 2665 1431 2738 anathemate

359 2785 516 2856 damnat.
536 2787 620 2854 Post
636 2807 712 2864 non
725 2782 856 2854 multos
870 2783 990 2853 autem
1003 2780 1092 2872 dies,
1105 2781 1300 2878 penitentia
1313 2781 1428 2871 ducti,

360 2900 407 2974 ad
422 2898 617 2998 praesulem
641 2896 848 2970 satisfacturi
871 2896 1042 2984 redeunt,
1071 2911 1177 2994 atque
1195 2921 1251 2970 res
1268 2922 1433 2995 pervasas

360 3014 515 3112 legaliter
537 3013 705 3109 reddunt.
743 3013 877 3111 Recipit
905 3014 1024 3109 itaque
1054 3013 1210 3086 domnus
1235 3014 1362 3112 praesul
1388 3013 1433 3086 ab

360 3127 548 3201 Heriberto
576 3127 724 3224 quidem
750 3131 970 3226 Spamacum
998 3128 1118 3200 vioum
1142 3127 1360 3227 populosum
1392 3154 1433 3200 ac

361 3242 585 3344 opulentum,
605 3242 651 3314 ab
668 3242 838 3316 Tetbaldo
850 3268 936 3317 vero
947 3259 1103 3316 castrum
1114 3245 1344 3316 Codiciacum
1357 3263 1434 3316 eos-

362 3365 432 3457 que
459 3384 480 3433 a
501 3356 645 3431 vinculo
664 3358 898 3431 anathematis
922 3359 1084 3433 absolvit.
1107 3365 1151 3432 Et
1171 3360 1330 3433 retbatdi
1353 3363 1432 3458 qui-

363 3476 446 3548 dem
466 3474 557 3566 lilio,
578 3475 641 3572 qui
658 3499 734 3547 sese
752 3473 819 3546 sibi
836 3477 1063 3548 commiserat
1089 3475 1339 3567 militaturum,
1361 3502 1435 3549 cas·

365 3607 458 3664 trum
476 3590 543 3663 sub
560 3590 767 3663 conditione
785 3590 965 3663 servandae
985 3591 1160 3664 fidelitatis
1179 3590 1354 3666 concedit.

860 3763 936 3816 XXI.

415 3896 496 3978 Quo
510 3892 616 3963 etiam
635 3905 796 3988 tempore
811 3890 988 3979 Amulius,
1007 3892 1237 3962 Morinorum.
1247 3891 1432 3988 princepS‚

368 4009 438 4080 hac
452 4009 523 4079 vita
541 4007 700 4081 decessit.
731 4005 839 4102 Cujus
860 4022 990 4079 terram
1013 4007 1198 4079 Lotharius
1219 4031 1281 4078 rex
1305 4006 1437 4101 ingres·

402 4213 409 4240 ¹
431 4213 464 4262 N.
479 4210 583 4277 aliisque
595 4209 727 4262 nonnullis
743 4207 832 4258 detera.
