3314 5294
265 523 289 568 x
346 492 410 575 142x
706 511 1052 574 «tensaurum.

378 713 416 767 Il.
426 709 586 766 -Oratio³⁴⁴
601 712 730 766 Ludovici
742 713 759 748 ⁴⁴
771 713 844 784 apud
864 713 975 776 ducem,
990 711 1160 783 ceterosque*
1176 712 1313 783 primatos,
1332 709 1359 762 in
1372 710 1401 780 *f

648 803 844 858 adalberonem
858 805 1125 878 metropolitanum*.

392 949 497 1048 Apud
514 974 624 1047 quem
658 948 817 1046 aliosque
843 975 953 1048 quam
979 949 1424 1048 paucos,sp1aeteritorum

344 1091 418 1138 non
432 1069 624 1155 inmemor,
646 1068 697 1139 sio
711 1083 930 1164 conquestus
942 1081 1013 1141 est:
1026 1095 1043 1135 «
1058 1071 1161 1138 Pater
1174 1090 1276 1137 meus
1289 1066 1326 1136 in
1339 1065 1426 1161 egri·

347 1181 547 1256 «tudinem
568 1183 642 1280 qua
665 1197 702 1254 et
726 1183 832 1280 periit
856 1181 1047 1271 decidens,
1076 1181 1165 1253 mihi
1182 1181 1369 1280 praecepit,
1385 1196 1426 1251 ut

347 1314 501 1373 «vestro
527 1300 697 1390 consilio,
720 1311 841 1370 'uestra
865 1298 1118 1398 dispositione,
1139 1298 1239 1396 regni
1257 1322 1427 1396 procura-

348 1419 519 1498 «,tionem
532 1417 724 1509 haberem3
740 1441 805 1496 vos
823 1417 933 1508 etiam
947 1417 1029 1490 loco
1043 1415 1224 1507 affinium,
1245 1415 1328 1488 loco
1342 1416 1428 1488 ami·

350 1565 369 1606 «
384 1561 513 1609 corum
537 1537 545 1572 ⁴
566 1537 757 1627 ducerem,
778 1535 940 1633 nihilque
950 1534 1119 1634 praecipui
1132 1549 1260 1631 praeter
1271 1547 1426 1606 vestram

350 1684 368 1725 «
385 1655 572 1727 scientiam
584 1653 758 1727 adorirer.
777 1655 813 1725 si
827 1669 943 1725 vestra
961 1651 1033 1724 fide
1046 1648 1199 1751 potirer,
1219 1652 1295 1723 sine
1314 1649 1426 1722 dubio

340 1770 544 1861 «divitias,
573 1771 767 1862 exercitus,
790 1771 1015 1842 munimenta
1031 1771 1152 1868 regni,
1174 1765 1351 1841 asserebat
1369 1791 1428 1838 me

351 1915 370 1956 «
385 1871 607 1960 habiturum.
623 1892 711 1975 Quae
724 1911 827 1958 mens
840 1887 878 1957 in
892 1912 951 1960 me
965 1887 1119 1958 maxime
1132 1885 1227 1958 valet
1242 1885 1270 1956 ⁴.
1288 1884 1430 1956 Placeat

351 2035 367 2073 «
386 2005 507 2102 itaque
523 2003 717 2092 consilium¹
731 2003 959 2102 profuturum
978 2003 1083 2093 dare,
1100 2030 1185 2075 curn
1199 2028 1220 2074 a
1232 2002 1335 2075 vobis
1347 2027 1430 2101 pro-

351 2106 369 2190 «
386 2121 495 2224 posui
513 2147 573 2192 me
593 2146 668 2216 non
682 2119 925 2192 discessurum
942 2105 1038 2192 ³(1n
1063 2122 1166 2193 vobis
1186 2121 1284 2210 enim
1307 2145 1431 2192 meum

279 2293 281 2300 Α
350 2267 368 2307 «
385 2237 588 2324 consilium,
609 2237 783 2328 animum,
801 2237 973 2328 fortunas,
994 2239 1080 2314 sitos
1099 2237 1307 2317 essevolui.
1330 2238 1433 2312 Adai·

351 2384 369 2422 «
385 2352 474 2426 bero
488 2357 685 2426 Remorum
699 2353 996 2452 metropolitanus
1010 2355 1214 2454 episcopus,
1230 2353 1343 2426 homo
1358 2380 1434 2426 om·

353 2501 371 2541 «
387 2473 489 2544 nium
507 2497 601 2571 quos
614 2487 709 2544 terra
721 2470 870 2543 sustinet
890 2470 1209 2562 sceleratissimus,
1223 2485 1433 2570 contempto

354 2617 372 2658 «
387 2590 499 2689 patris
510 2590 583 2666 mei
597 2589 765 2687 imperio,
780 2579 906 2677 Ottoni
917 2591 1140 2662 Francorum
1152 2585 1246 2660 hosti
1264 2589 1301 2659 in
1321 2589 1435 2659 omni·

353 2733 372 2773 «
388 2704 457 2777 bus
473 2706 570 2784 favit.
592 2707 646 2776 'Eo
670 2719 888 2802 cooperante
910 2708 998 2776 Ouo.
1024 2697 1221 2777 exercitum
1247 2705 1351 2777 nobis
1377 2706 1433 2776 in-

354 2851 372 2890 «
389 2822 501 2914 duxit.
530 2822 615 2918 Ejus
645 2819 837 2892 subtilitate
862 2819 993 2924 Gallias
1019 2813 1258 2922 depopulatus
1285 2839 1349 2895 est.
1381 2827 1434 2893 Eo

266 3017 269 3026 .
354 2966 373 3006 «
390 2936 524 3009 itineris
541 2934 652 3008 duces
670 2950 877 3035 prestante,
892 2937 1096 3039 indempnis
1110 2965 1195 3010 cum
1209 2940 1362 3011 exercitu
1379 2965 1435 3011 re-

355 3081 374 3121 «
390 3052 468 3124 diit.
484 3053 555 3139 Qui
565 3068 606 3124 ut
615 3075 740 3150 poenas
748 3077 815 3151 pro
831 3069 930 3126 tanto
943 3055 1136 3136 commisso
1148 3053 1281 3150 solvat,
1293 3081 1441 3158 aequum

356 3197 375 3237 «
391 3183 427 3242 et
440 3167 526 3250 utile
538 3168 681 3260 videtur
699 3170 711 3204 ⁴
727 3170 896 3268 quatinus
909 3155 1338 3271 pestilenteoompresso,
1354 3197 1437 3245 me-

357 3316 375 3355 «
391 3303 449 3360 tus
462 3287 650 3360 adoriendi
667 3271 769 3378 talia,
790 3287 993 3386 quibusque
1005 3289 1124 3388 pravis
1136 3279 1319 3363 inferatur.
1338 3319 1357 3358 >2

870 3473 925 3524 III.

403 3605 511 3702 Cujus
524 3608 640 3680 oratio
654 3609 728 3678 vim
742 3606 918 3680 suadendi
933 3634 1008 3679 non
1025 3607 1164 3698 habuit,
1185 3609 1344 3707 eoquod
1361 3635 1441 3707 sug·

354 3723 574 3822 gestionibus
587 3723 768 3796 malorum
781 3726 819 3795 in
833 3743 1014 3796 summum
1032 3724 1242 3824 pontificem
1256 3725 1434 3815 efferatus,

390 3909 406 3942 ⁴⁴
424 3909 473 3974 Or,
488 3909 529 3974 vi,
549 3921 606 3974 oet,
621 3915 664 3974 in,
679 3928 706 3962 m
722 3929 752 3961 ea
767 3913 870 3980 conject.
962 3931 967 3940 ¹
986 3911 990 3925 ¹

391 3982 399 4011 ¹
420 3991 594 4050 cognatorum
608 3999 671 4032 corr.
686 3982 843 4034 amicorum.

391 4051 401 4077 ⁴
421 4071 447 4102 ν.
464 4069 618 4122 semperque
630 4050 695 4106 dum
709 4053 736 4104 in
749 4053 805 4106 vita
817 4051 892 4104 fuero
907 4051 1074 4122 potissimum
1088 4053 1185 4123 vigebit
1196 4053 1287 4105 deleta.

391 4120 402 4149 ³
421 4120 450 4174 d.
465 4121 521 4174 iore
534 4123 650 4176 deletum

392 4191 402 4221 ⁴
421 4213 447 4246 v.
461 4195 577 4264 AEquum
589 4213 702 4264 namque
723 4209 751 4248 ut
770 4213 868 4265 pravus
886 4197 956 4265 justo
972 4194 1097 4265 supplitio
1111 4195 1280 4268 dampnetur,
1303 4197 1366 4248 utile
1378 4215 1442 4250 vero

288 4295 293 4304 ’
355 4289 385 4330 ut
398 4277 488 4330 deleta.
