3314 5294
383 543 421 603 84
742 545 908 606 tttcttEttt
932 545 1007 612 LlB‚.
1033 546 1091 605 lll.

381 683 490 779 Equis
504 706 588 778 crgo
600 678 798 750 inclamatis
809 693 844 749 et
856 677 1039 768 adductis,
1060 682 1146 751 Otto
1159 678 1206 751 ad
1227 677 1424 752 videndum
1440 682 1463 736 ⁴-

379 799 563 898 processit.
599 795 808 868 Lotharium
839 819 922 865 cum
952 795 1076 892 viginti
1102 794 1246 866 milibus
1274 795 1288 833 ²
1324 797 1454 870 instare

379 920 541 992 advertit.
569 917 754 1016 Cogitabat
775 918 895 1014 itaque
917 942 1015 988 nunc
1035 918 1158 1008 reniti,
1189 943 1287 989 nunc
1307 944 1454 1018 quoque

378 1037 424 1110 ad
452 1053 592 1135 tempus
623 1034 804 1120 recedere,
836 1048 875 1104 et
905 1048 988 1131 post
1011 1058 1096 1105 cum
1121 1035 1276 1106 exercitu
1302 1036 1451 1132 copioso

376 1154 504 1225 reverti
525 1151 775 1230 meditabatur.
796 1148 956 1221 Tandem
974 1151 1057 1247 quia
1079 1150 1266 1222 Lotharius
1286 1151 1448 1248 urgebat,

375 1283 467 1341 stare
493 1293 567 1339 non
598 1268 726 1365 potuit.
761 1265 936 1337 Abscessit
963 1290 1047 1362 ergo
1074 1290 1149 1337 non
1172 1258 1256 1337 ‘sine
1279 1266 1447 1358 lacrimiS,

374 1412 459 1457 cum
477 1410 587 1457 uxore
599 1383 797 1482 Teuphanu
811 1384 983 1481 regnique
1003 1383 1224 1481 principibus
1245 1384 1370 1458 relicto
1391 1410 1451 1484 pa·

372 1503 457 1575 latio
471 1517 577 1599 atque
590 1502 687 1598 regio
704 1493 889 1598 apparatu.

855 1659 956 1714 LXXI.

418 1784 606 1855 Lotharius
620 1807 704 1854 cum
723 1783 877 1870 exercitu
893 1781 1004 1871 alluit,
1020 1785 1192 1855 Ottonem
1206 1807 1244 1855 se
1258 1798 1448 1882 capturum

368 1917 477 1973 ratus.
510 1906 555 1971 Et
578 1915 673 1972 certe
697 1900 881 1997 coepisset,
908 1900 938 1971 si
963 1901 1000 1970 in
1022 1901 1149 1972 itinere
1171 1925 1248 1973 sese
1273 1903 1446 1974 exercitus

368 2017 519 2115 angariis
539 2041 614 2086 non
635 2014 853 2111 impedisset.
876 2019 967 2086 Nam
996 2016 1025 2084 si
1054 2030 1136 2087 ante
1149 2016 1226 2112 ejus
1250 2016 1446 2090 discessum

365 2127 481 2231 pridie
504 2132 717 2222 advenisset,
744 2158 828 2204 eum
852 2147 913 2202 aut
940 2150 1066 2229 capere
1093 2147 1155 2204 aut
1171 2134 1251 2204 ne'ci
1274 2127 1360 2207 dare
1378 2159 1444 2232 po-

366 2252 499 2323 tuisset.
527 2248 702 2320 Palatium
726 2250 831 2346 igitur
851 2247 898 2318 ab
918 2247 1082 2319 hostibus
1100 2264 1309 2345 occupatur.
1332 2252 1445 2347 Regiae

368 2393 499 2440 mensae
532 2349 751 2439 evertuntur.
788 2365 961 2437 Ciborum
985 2380 1176 2463 apparatus
1208 2391 1273 2463 per
1301 2367 1446 2440 calones

367 2483 544 2584 diripitur.
567 2484 673 2580 ltegia
691 2507 838 2580 quoque
850 2480 1001 2578 insignia
1019 2481 1295 2580 apenetralibus
1308 2499 1443 2581 erepta,

368 2616 607 2700 asportantur.
638 2604 781 2671 AEream
803 2598 960 2696 aquilam
982 2623 1061 2696 quae
1085 2600 1123 2669 in
1141 2603 1272 2671 vertice
1286 2599 1407 2698 palatii
1428 2626 1449 2673 a

368 2718 500 2790 Karolo
532 2741 664 2815 magno
690 2718 762 2789 acsi
790 2716 917 2788 volans
945 2715 1015 2787 fixa
1044 2731 1139 2808 crat,
1168 2719 1205 2789 in
1237 2717 1448 2789 vulturnum

368 2849 635 2908 converterunt.
660 2839 750 2905 Nam
773 2835 945 2906 Germani
967 2858 1046 2905 eam
1069 2835 1106 2905 in
1128 2834 1340 2907 favonium⁸
1361 2860 1447 2907 con-

366 2966 563 3042 verterant,
588 2950 764 3022 subtiliter
783 2949 1021 3047 significantes
1050 2950 1171 3022 Gallos
1195 2975 1261 3022 suo
1286 2953 1446 3048 equitatu

367 3066 587 3166 quandoque
618 3091 723 3165 posse
755 3065 908 3139 devinci.
936 3063 1123 3138 Lotharius
1155 3066 1284 3139 frustra
1309 3070 1446 3166 impetu

366 3184 472 3275 facto,
488 3185 565 3255 sine
579 3183 707 3255 obside
718 3183 775 3256 vel
786 3208 875 3281 pace
889 3199 1071 3281 sequestra
1083 3185 1277 3256 exercitum
1290 3185 1443 3275 reduxit,

366 3317 492 3398 postea
505 3327 543 3373 se
561 3299 761 3373 rediturum
774 3300 974 3372 confidens.

848 3462 962 3515 LXXII.

416 3580 502 3661 Otto
519 3580 583 3650 ¹cui
606 3592 725 3650 totum
748 3577 956 3650 calamitatis
981 3578 1136 3675 pondus.
1150 3569 1287 3651 illatum
1313 3580 1440 3671 fuerat,

365 3694 471 3767 donis
514 3695 768 3792 multiplicibus
810 3683 1001 3792 multisque
1034 3695 1212 3767 favoribus
1255 3723 1339 3769 suos
1378 3697 1445 3770 sibi

364 3809 585 3882 assciscebat.
601 3815 645 3881 Et
656 3825 780 3910 utpote
795 3811 961 3883 vincendi
975 3811 1139 3909 cupidus,
1154 3813 1185 3882 si
1199 3837 1291 3910 quos
1300 3813 1440 3904 leserat,

363 3925 554 3997 revocabat
565 3941 626 3997 aut
643 3925 785 3998 reddito
804 3926 904 4025 quod
931 3928 1134 4019 sustulerat,
1156 3942 1218 4000 aut
1235 3927 1320 4000 dato
1341 3929 1442 4026 quod

362 4043 618 4146 spoponderat.
641 4044 777 4114 Pacatis
791 4060 911 4116 autem
929 4044 1097 4116 omnibus
1116 4060 1223 4142 atque
1244 4044 1311 4116 sibi
1333 4071 1437 4134 revo-

404 4224 411 4252 ⁸
429 4245 453 4275 v.
468 4225 703 4295 comprincipibus
716 4224 806 4276 deleta.
852 4233 855 4240 '

398 4337 409 4364 '¹
428 4315 485 4385 Χῖ
493 4333 549 4386 cod.

394 4421 405 4450 ³
424 4419 451 4470 in
463 4419 553 4470 Gallos
565 4417 655 4470 deletu.
