3320 5296
339 532 397 591 rso
526 601 528 608 ,
705 531 870 594 arcuum
892 531 967 593 un
993 533 1048 592 rv.

424 719 543 773 XXXII.
554 720 681 787 -Quod
699 723 810 795 amplius
819 726 889 795 justo
901 725 1030 778 Karolum
1045 723 1169 776 arnulfus
1183 721 1310 776 dilexerit.

385 871 455 958 Qui
471 894 553 944 cum
569 896 612 944 ex
624 885 721 945 tanta
734 872 903 970 dignitate
916 872 1126 972 procederet
1143 873 1300 971 insignis,
1316 871 1404 944 illud

337 1000 456 1056 tamen
473 986 656 1059 infortunii
672 1012 782 1086 genus
800 988 1045 1080 arbitrabatur,
1067 988 1165 1086 quod
1188 989 1263 1087 ipse
1281 1012 1404 1086 super-

336 1131 406 1188 stes
424 1117 469 1190 de
487 1119 600 1218 patrio
617 1145 746 1217 genere
761 1122 900 1194 nullum
912 1137 1038 1220 praeter
1054 1121 1224 1193 Karolum
1236 1119 1401 1192 babebat.

337 1235 573 1307 Miserrimum
595 1262 739 1335 quoquc
761 1239 828 1311 sibi
849 1238 979 1330 videri,
1009 1239 1038 1310 si
1059 1240 1088 1310 is
1108 1238 1248 1310 honore
1266 1237 1406 1308 frustra-

337 1365 446 1439 retur,
470 1351 508 1423 in
536 1376 609 1448 quo
634 1352 712 1424 solo
739 1379 819 1452 spes
845 1353 1054 1426 restituendi
1080 1377 1190 1457 genus
1218 1366 1407 1452 paternum

339 1468 404 1538 sita
417 1466 518 1539 foret.
541 1472 671 1540 Patruo
688 1470 807 1567 itaque
821 1470 1085 1562 miserescebat3
1106 1470 1206 1541 illum
1217 1467 1405 1566 cogitabat,

339 1579 446 1653 illum
457 1583 614 1676 colebat,
637 1585 738 1659 illum
757 1612 825 1686 pro
842 1588 1048 1686 parentibus
1066 1588 1284 1659 carissimum
1301 1584 1410 1675 habc-

338 1699 412 1772 bat.
445 1702 549 1799 Apud
572 1727 680 1799 quem
704 1691 1029 1794 collatoconsilio,
1050 1701 1221 1801 querebat
1251 1726 1410 1800 quonam

340 1816 452 1888 modo
471 1819 508 1888 in
526 1818 668 1895 culmen
687 1820 837 1893 honoris
856 1821 958 1896 illum
980 1821 1178 1920 provehere
1198 1835 1340 1919 posset,
1361 1819 1410 1890 sic

341 1953 461 2012 tamen
479 1955 519 2012 ut
531 1942 607 2041 ipse
620 1944 712 2040 regis
726 1943 887 2023 desertor
903 1968 978 2016 non
991 1956 1191 2043 appareret,

655 2145 789 2198 XXXIII.
798 2147 986 2200 -Remorum
998 2147 1095 2219 captio.

390 2297 500 2394 Cujus
512 2299 563 2369 rei
575 2300 749 2372 rationem
762 2300 811 2371 sic
826 2299 901 2372 fieri
923 2298 1168 2390 arbitrabatur,
1195 2312 1235 2369 ut
1247 2311 1413 2370 statuere·

344 2415 427 2485 tur⁴
448 2429 589 2514 tempus
611 2440 684 2513 quo
707 2416 877 2514 primates
899 2429 988 2512 quot
1009 2429 1150 2513 posset,
1177 2414 1214 2484 in
1236 2412 1325 2484 urbe
1342 2414 1414 2485 acsi

343 2529 477 2627 aliquid
491 2555 660 2629 magnum
674 2530 900 2603 ordinaturus
912 2532 987 2628 ipse
997 2529 1188 2636 colligeret.
1197 2531 1295 2599 Tunc
1308 2528 1414 2600 etiam

343 2645 495 2718 Karolus
509 2671 574 2744 pcr
587 2647 701 2718 noctis
713 2645 850 2718 silentia
861 2636 944 2718 cum
959 2645 1113 2716 exercitu
1125 2642 1171 2715 ad
1184 2657 1304 2742 portas
1317 2641 1415 2713 urbis

344 2760 537 2833 adveniret.
550 2765 622 2834 Nec
636 2778 721 2834 tuno
735 2762 871 2842 deesset
882 2763 945 2859 qui
956 2760 1123 2833 exercitui
1136 2760 1280 2832 irruenti
1295 2775 1415 2858 portas

344 2878 529 2973 panderet,
546 2880 683 2974 juratus
700 2880 823 2951 secreti
836 2869 946 2964 fidem
957 2878 985 2948 ².
1003 2879 1183 2949 Exercitus
1195 2861 1417 2954 intromissus

346 2992 473 3066 urbem
491 2995 684 3086 invaderet,
707 3009 813 3092 atque
831 3019 906 3080 sese
930 3019 1013 3065 cum
1032 2993 1242 3092 primatibus
1260 2992 1417 3068 collectis

347 3109 683 3208 comprehenderet,
711 3112 784 3188 rim
804 3111 968 3202 inferret,
996 3135 1037 3183 ac
1067 3109 1272 3207 ergastulo³
1296 3108 1416 3192 detru-

348 3224 458 3298 deret.
480 3231 601 3335 ltaque
622 3229 754 3301 sactum
776 3228 889 3315 ibret,
917 3241 1010 3300 utet
1030 3228 1126 3328 regia
1149 3240 1304 3326 potestas
1321 3225 1418 3297 infir·

349 3359 516 3436 maretur,
538 3360 572 3420 et
592 3361 719 3444 patruo
739 3347 850 3417 virtus
871 3343 1081 3417 dominandi
1099 3357 1322 3440 augesceret,
1351 3367 1418 3414 neo

349 3461 425 3560 ipse
440 3462 600 3542 desertor
620 3462 810 3536 videretur.
834 3461 942 3551 Quod
960 3477 996 3534 ct
1015 3460 1181 3534 effectum
1197 3458 1334 3530 habuit.

819 3661 947 3714 XXXIV.

398 3807 442 3874 G.
465 3816 500 3873 et
516 3807 559 3872 V.
582 3803 748 3891 comites,
767 3816 872 3898 atque
891 3799 978 3870 alios
995 3801 1090 3871 viros
1111 3799 1315 3871 consulares
1332 3798 1344 3834 ⁸
1366 3796 1420 3868 in«

388 4004 396 4033 ¹
416 4014 558 4056 statuertur
569 3999 655 4054 codes.

387 4088 399 4122 ¹
417 4104 545 4144 secretum
557 4092 609 4143 hoc
617 4107 761 4159 numquam
772 4086 940 4158 proditurum
953 4085 1044 4138 deleta.

388 4183 399 4213 ²
414 4181 531 4234 custodie
543 4201 616 4254 supra
627 4182 710 4253 posito
722 4179 850 4249 ergastulo
863 4177 949 4230 codex.

388 4294 399 4325 ⁴
421 4313 472 4346 uc.
