3320 5296
308 527 366 585 172
668 523 834 584 RICHERI
862 521 935 583 LlB.
959 524 1012 582 IV.

306 657 344 728 in
376 657 562 728 cacumine
598 671 634 744 et
663 657 757 745 basi,
789 665 853 756 per
874 668 1035 753 quatuor
1066 653 1175 724 latera
1207 653 1383 752 repagulis

305 787 502 875 transverse
522 774 686 861 annexis;
707 774 745 843 in
770 770 891 843 medio
909 795 995 842 vero
1010 770 1238 862 solummodo
1260 771 1381 842 levum

306 889 398 960 latus
423 905 459 962 et
484 871 650 961 dextrum
672 890 768 986 ligna
791 888 994 959 transmissa
1009 886 1179 960 habuere.
1210 890 1254 957 At
1276 912 1383 985 super

306 1003 462 1076 trabium
476 1020 672 1076 erectarum
695 1006 893 1103 superiores
917 1004 1183 1093 commissuras,
1200 1003 1382 1098 longurios

308 1120 400 1199 duos
417 1137 633 1213 straverunt,
660 1124 889 1218 inmotosque
913 1121 1124 1212 effecerunt,
1151 1135 1289 1219 partem
1315 1134 1385 1191 ter·

240 1243 243 1250 ’
307 1233 394 1309 tiam
412 1240 603 1338 superioris
622 1241 724 1336 spatii
745 1237 899 1309 trabium
918 1238 957 1307 in
977 1236 1097 1308 medio
1121 1235 1334 1307 obtinentes.
1356 1239 1385 1306 Α

308 1355 438 1452 quibus
451 1356 622 1452 longuriis
636 1357 739 1427 funes
753 1354 943 1454 implicitos
957 1354 1211 1452 deposuerunt.
1228 1352 1385 1426 Funibus

308 1495 454 1568 quoque
471 1470 610 1542 trabem
627 1496 712 1566 cum
723 1471 853 1542 ferrato
872 1471 986 1569 capite
1007 1470 1126 1540 multae
1140 1469 1386 1566 grossitudinis

308 1587 583 1698 suspenderunt.
616 1589 681 1659 Cui
706 1588 812 1660 etiarn
836 1587 959 1658 trabi
951 1613 988 1658 in
1017 1585 1138 1659 medio
1165 1601 1201 1659 et
1225 1601 1385 1658 extremo

309 1688 410 1776 funes
427 1705 586 1840 alligatos
608 1677 868 1795 adhibuerunt,
897 1706 977 1801 qui,
1002 1729 1023 1775 a
1040 1703 1268 1775 mulntudrne
1286 1705 1387 1775 tracti

309 1837 345 1893 et
369 1821 525 1914 remissi,
546 1823 682 1894 ferratae
700 1821 788 1893 moli
809 1835 950 1893 motum
971 1820 1109 1892 darent.
1139 1819 1242 1891 Unde
1269 1834 1305 1891 et
1321 1818 1388 1891 hu-

306 1940 466 2035 jusmodi
487 1916 653 2012 machina
666 1941 750 2039 quia
768 1965 870 2011 more
891 1939 1009 2010 arietis
1031 1933 1129 2009 ¹retro
1151 1951 1279 2028 tracta,
1304 1952 1387 2009 ante

310 2081 393 2128 cum
411 2059 547 2156 impetu
565 2059 654 2147 ruit,
675 2058 766 2129 aries
791 2056 1284 2155 appellatur3cujuscumque
1308 2054 1388 2125 soli-

311 2171 429 2256 ditatis
453 2174 563 2244 muris
586 2173 788 2271 frangendis
807 2174 1021 2271 aptissimus.
1046 2177 1164 2274 Quam
1184 2172 1290 2243 etiam
1314 2197 1389 2243 ma·

310 2286 455 2361 chinam
481 2314 589 2387 super
615 2304 686 2360 tres
720 2304 816 2380 rotps
847 2289 1023 2386 triangulo
1055 2305 1209 2361 scemate
1235 2289 1387 2388 positam

311 2419 541 2508 aptaverunt,
562 2431 635 2503 quo
652 2405 787 2477 facilius
811 2405 1014 2503 obliquata,
1037 2429 1266 2502 quocumque
1286 2429 1391 2501 opor-

311 2532 403 2591 teret
418 2522 509 2593 verti
532 2521 676 2593 valeret.
703 2527 748 2593 At
769 2523 852 2619 quia
869 2522 967 2593 urbis
984 2523 1071 2594 situs
1091 2521 1260 2593 accedere
1272 2520 1393 2620 prohi-

311 2633 408 2726 buit,
426 2662 469 2710 eo
487 2637 586 2736 quod
604 2639 680 2736 ipsa
698 2621 784 2709 urbs
802 2640 840 2709 in
860 2640 1030 2711 eminenti
1055 2638 1391 2728 montiscacumine

314 2754 470 2844 eminet,
486 2754 784 2826 ariesfabrioatus
803 2755 919 2826 cessit.

443 2959 550 3011 XXIII.
562 2989 599 3001 -
610 2959 741 3031 Digressio
754 2959 874 3030 Hugonis
888 2978 949 3012 cum
959 2959 1076 3012 exercitu
1089 2977 1105 3012 a
1115 2957 1257 3012 Lauduno.
1269 2952 1271 2960 ’
1318 2925 1321 2934 ·

365 3129 450 3196 Post
462 3124 538 3214 hac
558 3151 641 3196 cum
658 3149 723 3223 per
743 3124 818 3197 dies
833 3125 1010 3224 plurimos
1027 3125 1065 3196 in
1085 3124 1275 3222 obsidione
1296 3125 1393 3197 urbis

317 3239 442 3338 vigiliis
464 3255 500 3313 et
517 3242 612 3312 curis
632 3242 833 3340 pugnisque
855 3242 1104 3374 frequentibus
1120 3241 1391 3332 laboravissent,

316 3358 375 3431 die
406 3349 562 3456 quadarn
580 3358 800 3430 custodibus
839 3374 1036 3430 castrorum
1072 3359 1157 3431 vino
1193 3381 1397 3455 somnoque

318 3477 531 3574 aggravatiS,
547 3476 728 3548 urbani
695 3501 779 3547 vino
793 3475 975 3547 exhilarati
987 3501 1071 3546 cum
1088 3476 1195 3546 armis
1216 3474 1262 3546 ad
1276 3489 1395 3545 castra

317 3593 500 3692 pedestres
513 3608 700 3665 venerunt.
718 3593 861 3690 Equites
887 3614 972 3664 vero
989 3608 1251 3690 consequenter
1270 3592 1396 3663 armati

319 3711 499 3784 subsecuti
517 3710 1141 3808 sunt,re1eventumpraestolantcs,
1168 3725 1207 3780 ιιι
1220 3709 1250 3780 si
1267 3732 1396 3807 pugnae

276 3877 283 3882 -
319 3830 419 3901 locus
436 3830 592 3920 adesset,
613 3853 855 3928 prosperaque
875 3827 1016 3898 fortuna
1034 3827 1172 3898 felicem
1193 3825 1390 3898 annueret⁴

321 3961 509 4037 eventum,
545 3955 629 4018 cum
659 3945 762 4017 hoste
795 3944 996 4015 comminus
1028 3945 1270 4042 confligerent.
1305 3947 1397 4014 Cum
1516 3938 1520 3957 '

322 4090 405 4162 ergo
428 4064 566 4163 pedites
582 4063 656 4160 jam
675 4062 797 4134 castris
815 4061 1133 4160 propinquassent,
1159 4060 1398 4158 custodesque

358 4283 365 4311 ¹
386 4279 527 4352 sponderet
540 4299 613 4351 supra
623 4283 707 4352 posito
722 4292 847 4332 annueret
860 4278 946 4331 codex.
