3314 5294
343 507 403 567 rac
577 565 579 570 ,
708 505 874 566 RICHElll
896 500 972 568 Llll.
997 505 1057 565 Ill.

798 781 799 784 Ἴ
845 720 906 774 CII.

389 873 529 978 Quibus
554 877 726 975 peractis,
753 901 816 950 rex
834 877 882 951 ad
894 865 1025 950 ¹urbem
1044 877 1234 974 tuendam,
1262 878 1423 975 reginam

340 992 557 1064 Emmamin
581 1017 623 1065 ea
642 991 796 1091 reliquit.
818 998 898 1092 lpse
920 1019 1005 1070 curn
1022 993 1179 1065 exercitu
1205 993 1423 1065 Laudunum

340 1107 467 1201 rediit,
488 1131 573 1180 suos
591 1109 764 1182 etiamad
782 1135 846 1182 sua
863 1109 981 1184 redire
998 1111 1178 1210 permisit,
1199 1124 1305 1182 tantae
1323 1108 1423 1180 beni·

339 1227 505 1299 volentiae
523 1226 644 1299 favore
665 1227 761 1326 apud
781 1252 843 1298 eos
861 1253 967 1318 usus,
997 1242 1038 1300 ut
1059 1228 1211 1326 repetito
1234 1227 1360 1298 itinere
1384 1249 1422 1297 se

339 1341 487 1438 ulterius
518 1344 632 1414 ituros
660 1343 691 1416 si
717 1343 860 1440 juberet
888 1341 1163 1443 pollicerentur3
1197 1359 1234 1416 et
1254 1339 1424 1441 neglectis

339 1483 408 1558 pro
428 1474 592 1559 tempore
608 1459 777 1533 domibus
796 1476 831 1533 et
848 1463 958 1553 natis,
982 1486 1066 1534 cunr
1089 1458 1195 1534 hoste
1218 1460 1423 1532 comminus

340 1573 585 1649 dimicaturos.
602 1577 793 1649 Lotharius
806 1579 942 1652 interea
952 1579 1051 1679 apud
1072 1604 1157 1652 suos
1181 1575 1419 1667 deliberabat,

339 1709 462 1766 utrum
481 1696 602 1794 potius
619 1694 712 1800 foret
733 1721 809 1768 sese
827 1695 976 1770 ulterius
993 1698 1070 1789 ire,
1089 1697 1269 1796 armisque
1287 1710 1324 1767 et
1339 1695 1423 1768 viri·

338 1809 408 1883 bus
424 1825 539 1884 totam
557 1810 735 1908 Belgicam
747 1812 815 1911 sibi
832 1794 1042 1911 subjugare,
1062 1839 1116 1885 anv
1132 1813 1325 1885 residendo
1344 1813 1422 1884 Vir-

339 1931 451 2023 duni,
465 1957 531 2030 per
547 1932 703 2030 legatos,
723 1933 855 2020 habitis
867 1935 1114 2028 suasionibus,
1130 1960 1251 2007 mores
1261 1935 1421 2007 hostium
1453 1953 1456 1957 ’

339 2047 387 2119 ad
399 2073 507 2120 suum
524 2049 687 2121 animum
700 2050 905 2142 informare.
925 2052 962 2122 Si
981 2053 1080 2124 enim
1098 2075 1160 2124 eos
1182 2052 1277 2124 ferro
1301 2053 1422 2125 vince·

338 2137 412 2255 ret,
451 2147 536 2237 cum
558 2149 597 2237 id
629 2167 707 2239 sine
734 2167 848 2239 multo
873 2170 1046 2266 sanguine
1079 2169 1157 2242 fieri
1181 2192 1258 2241 non
1284 2184 1419 2268 posset,

339 2280 518 2378 cogitabat
535 2282 573 2368 in
586 2298 774 2382 posterum
785 2285 905 2356 minus
924 2285 974 2358 eis
993 2285 1234 2376 credendum,
1256 2311 1300 2358 eo
1322 2286 1423 2384 quod
1493 2339 1501 2354 .

338 2399 538 2470 amicornm
556 2399 675 2472 labem
694 2402 744 2473 eis
768 2401 938 2474 intulerit.
961 2397 997 2474 Si
1019 2429 1107 2475 vero
1122 2429 1188 2503 per
1206 2395 1423 2492 benivolen-

338 2513 425 2604 tiam
438 2542 643 2589 reversuros
665 2521 887 2616 expectaret,
905 2519 1108 2591 cavendum
1125 2519 1296 2619 putabat,
1319 2545 1366 2592 ne
1384 2521 1422 2591 in

338 2647 438 2704 tanto
458 2635 556 2724 otio,
576 2623 699 2705 hostes
710 2628 969 2708 'insolentiores
987 2633 1236 2709 redderentur.

492 2859 495 2875 '
598 2854 674 2944 Clll.
687 2885 724 2895 —
734 2855 879 2942 Virduni*
898 2857 1023 2911 invasio*
1037 2876 1054 2910 a
1067 2859 1161 2929 Belgis.

799 2945 805 2985 l
853 2965 855 2972 t

387 3009 485 3077 Dum
509 3007 585 3078 haec
612 3008 726 3080 multa
750 3010 1013 3090 consultatione
1040 3011 1246 3101 ventilaret,
1276 3011 1422 3110 Belgicae

340 3120 414 3193 dux
445 3123 681 3215 Teodericus,
713 3149 858 3199 necnon
879 3143 915 3198 et
944 3129 999 3199 vir
1026 3127 1159 3200 nobilis
1183 3153 1225 3201 ac
1256 3134 1422 3202 strenuus

340 3239 578 3332 Godefridus,
618 3241 813 3338 sigefridus
848 3268 995 3341 qnoque
1020 3245 1079 3316 vir
1105 3245 1268 3348 illustris,
1304 3247 1422 3318 Bardo

246 3365 247 3370 ’
337 3357 445 3428 etiam
475 3368 510 3430 et
538 3357 664 3429 Gozilo
693 3359 816 3430 fratres
847 3354 1032 3432 clarissimi
1057 3377 1092 3434 et
1123 3365 1418 3456 nominatissimi,

338 3472 468 3571 aliique
493 3475 673 3574 principes
702 3475 869 3547 nonnulli
900 3476 1051 3549 latenter
1078 3467 1320 3580 pertemptant
1344 3483 1423 3553 Vir-

340 3591 480 3663 dunum
500 3593 719 3692 irrumpere,
746 3617 898 3690 eamque
918 3618 939 3665 a
956 3587 1066 3666 Gallis
1089 3597 1097 3632 ⁴
1128 3621 1313 3671 evacuare.
1336 3604 1423 3674 Fac·

339 3710 456 3808 tisque
473 3709 627 3801 insidiis,
655 3709 921 3807 negotiatorum
946 3711 1165 3802 claustrum,
1186 3739 1291 3786 muro
1311 3715 1423 3788 instar

338 3834 463 3934 oppidi
478 3850 715 3924 exstructum,
742 3834 787 3906 ab
806 3834 895 3907 urbe
916 3836 1064 3932 quidem
1077 3841 1177 3909 Mosa
1195 3837 1422 3913 interfluente

339 3952 561 4047 sejunctum,
600 3951 663 4023 sed
693 3951 865 4050 pontibus
898 3951 1042 4024 duobus
1066 3954 1275 4029 interstratis
1299 3960 1332 4030 ei
1359 3983 1422 4031 an·

372 4177 389 4211 ¹*
406 4179 442 4244 V,
455 4178 483 4230 in
496 4179 600 4231 abscisa.

376 4263 384 4298 ¹
405 4264 438 4315 ab
451 4263 571 4315 hostibus
582 4282 645 4314 corr.
660 4281 676 4314 a
687 4261 778 4314 Gallis.
