3308 5286
358 526 396 584 28
700 527 864 590 RlCHERl
887 527 960 592 tta.
987 529 1044 590 lll.

356 766 458 819 xxvt.
471 795 508 808 -
522 767 603 833 Quod
621 769 860 841 metropolitanus*
878 769 1010 825 Adalbero
1023 769 1079 823 de*
1094 766 1193 822 rebus*
1209 767 1291 822 sancti
1312 767 1422 838 Remigii

564 882 579 916 a
591 863 682 934 papa*
694 865 816 938 Johanne
826 864 1016 938 privilegium*
1028 864 1087 918 fieri
1099 863 1174 936 petiit
1182 863 1209 913 ’ἢ

403 1022 502 1090 Tunc
518 1023 573 1092 vir
591 1023 830 1096 memorabilis
847 1026 897 1096 sic
914 1049 1060 1096 exorsus
1077 1052 1084 1095 ε
1109 1053 1126 1091 u
1145 1023 1323 1111 Quoniam
1338 1051 1356 1089 »
1370 1021 1422 1093 in·

356 1136 433 1232 quit
458 1153 598 1236 «pater
628 1141 865 1232 sanctissime,
888 1139 1000 1212 multa
1022 1141 1165 1212 caritate
1189 1137 1302 1210 filium
1326 1163 1422 1210 com·

358 1281 376 1319 κ
397 1252 529 1352 plenus⁴
547 1256 594 1327 ad
621 1271 654 1328 te
678 1257 829 1356 amplius
860 1259 1047 1346 attraxisti,
1079 1256 1178 1354 quod
1206 1256 1271 1327 tibi
1298 1280 1423 1328 onero-

358 1399 376 1436 «
397 1393 479 1442 sum
503 1372 548 1443 sit
572 1373 767 1470 petendum
792 1398 865 1445 non
892 1374 1056 1446 arbitror.
1085 1373 1175 1445 Novi
1199 1373 1294 1445 enim
1323 1371 1422 1469 qnod

359 1511 375 1549 α
398 1465 555 1581 diligens·
568 1503 669 1584 pater
692 1489 872 1562 interdum
900 1487 974 1561 filio
995 1491 1131 1587 gravari
1157 1489 1317 1586 gaudeat.
1352 1487 1422 1560 Sed

358 1628 375 1665 α
397 1600 485 1672 illud
505 1618 626 1702 petere
646 1630 704 1677 me
724 1608 913 1705 proposui,
935 1607 1035 1705 quod
1053 1622 1088 1680 et
1108 1620 1207 1679 tanto
1228 1606 1319 1704 patri
1337 1630 1422 1676 one·

358 1746 375 1782 r
398 1742 519 1810 rosum
532 1745 606 1793 non
629 1719 710 1812 liat,
736 1735 772 1792 et
788 1723 922 1819 petenti
935 1724 1020 1796 satis
1030 1722 1214 1794 commodi
1224 1737 1418 1820 comparet.

358 1867 374 1904 ι(
398 1843 458 1911 Est
480 1841 569 1912 mihi
589 1844 626 1914 in
655 1843 777 1916 Galliis
798 1827 1066 1917 ¹monachorum
1091 1844 1319 1935 coenobium,
1346 1868 1421 1916 non

358 1985 374 2022 r<
396 1954 502 2054 longe
516 1957 561 2029 ab
574 1959 662 2033 urbe
684 1964 876 2032 Remorum
896 1962 1016 2032 situm.
1039 1960 1108 2032 Ubi
1126 1961 1233 2034 etiarn
1249 1960 1343 2034 beati
1359 1965 1422 2033 Re-

358 2100 374 2137 r<
397 2073 494 2169 migii
505 2079 723 2149 Francorum
732 2078 873 2176 patroni
886 2103 1018 2177 corpus
1027 2077 1285 2150 sanctissimum
1296 2076 1423 2148 decen·

357 2216 374 2254 «
396 2190 529 2262 tissime
545 2194 713 2289 quiescit,
738 2196 796 2266 cui
822 2195 929 2266 etiam
947 2193 1066 2266 honor
1086 2192 1291 2264 exhibetur*
1324 2191 1421 2264 debi-

356 2319 462 2378 «tus.
496 2309 603 2406 Cujus
632 2336 688 2383 res
715 2313 753 2383 in
777 2326 961 2410 posterum
987 2309 1133 2382 stabiliri
1155 2308 1302 2420 firmiter
1328 2335 1421 2406 quae-

356 2452 373 2487 «
395 2447 496 2514 rens,
526 2426 890 2516 vestraeauctoritatis
918 2427 1100 2526 privilegio
1132 2423 1336 2497 confirmari
1369 2428 1420 2497 in·

355 2566 372 2604 r
393 2542 657 2635 praesentiarum
677 2543 856 2642 deposco,
875 2559 985 2616 terras
1004 2542 1167 2615 videlicet
1185 2541 1297 2614 cultas
1314 2557 1420 2640 atque

355 2656 561 2750 «incultas,
599 2659 703 2732 silvas
740 2676 775 2732 et
799 2684 953 2759 pascua,
990 2659 1111 2730 vineas
1146 2683 1186 2730 ac
1218 2658 1416 2757 pemeria²,

354 2801 371 2838 u
394 2787 568 2846 torrentes
584 2791 621 2847 et
645 2791 785 2874 stagna3
814 2776 918 2848 castri
935 2798 1080 2871 quoque
1103 2773 1247 2846 illorum
1272 2775 1420 2847 munita-

354 2917 370 2955 «
394 2904 485 2980 tem,
510 2890 744 2990 villarumque
766 2891 947 2964 liberalem
969 2891 1063 2962 intra
1086 2905 1122 2961 et
1144 2904 1244 2962 extra
1269 2905 1419 2988 potesta·

352 3037 369 3073 «
394 3021 486 3097 tem,
508 3009 652 3081 tandem
670 3011 777 3084 etiam
794 3035 850 3081 res
868 3032 993 3081 omnes
1011 3007 1161 3078 mobiles
1181 3022 1289 3104 atque
1306 3008 1419 3080 inmo·

353 3152 370 3188 u
393 3121 480 3195 biles
504 3126 611 3198 vestri
633 3126 850 3225 apostolatus
874 3123 1026 3222 dignitas
1050 3122 1178 3194 solidet
1204 3139 1309 3220 atque
1336 3149 1419 3195 con·

353 3271 371 3308 «
395 3242 521 3316 firmet.
553 3245 739 3319 Abbatiam
765 3270 910 3343 quoque
934 3245 1045 3315 sancti
1067 3239 1242 3316 Timothei
1266 3246 1417 3316 martiris

353 3387 369 3425 u
391 3385 470 3455 quae
494 3364 607 3433 nostri
631 3363 719 3458 juris
746 3386 820 3433 esse
838 3363 991 3451 videtur,
1016 3361 1082 3433 sub
1106 3362 1213 3433 vestri
1233 3359 1418 3460 praesentia

352 3505 368 3541 u
391 3477 592 3575 horumque
610 3480 861 3578 episcoporum
883 3480 1085 3550 testimonio
1104 3479 1153 3550 eis
1178 3478 1356 3569 conced0,
1378 3496 1417 3552 ut

351 3622 368 3659 «
390 3593 473 3665 inde
497 3595 714 3694 pauperibus
736 3595 1012 3684 administretur,
1040 3610 1075 3666 et
1104 3594 1276 3666 memoria
1304 3596 1416 3665 nostri

350 3713 497 3782 «servis
524 3713 590 3784 Dei
608 3714 644 3783 in
671 3711 835 3784 coenobio
853 3711 1035 3784 habeatur.
1070 3717 1150 3782 Haec
1179 3712 1284 3808 igitur
1313 3735 1416 3809 snpe-

351 3857 367 3894 r
390 3828 541 3900 rioribus
560 3828 679 3901 addita
705 3830 741 3900 in
764 3829 822 3924 jus
843 3828 1001 3927 praedicti
1027 3829 1136 3902 sancti
1161 3842 1330 3918 transeat,
1358 3844 1415 3899 at«

382 4087 397 4117 *
416 4086 578 4156 opolitanus,
589 4088 621 4140 de
634 4088 728 4152 rebus,
743 4107 775 4158 pa
786 4128 793 4154 ‚
808 4089 905 4158 egium,
915 4087 954 4140 tiit
968 4088 1071 4140 abscisa.

384 4167 391 4199 ¹
413 4182 528 4224 servatur
539 4190 601 4223 corr.
615 4173 760 4224 exhibetur.

351 4255 361 4284 ¹
382 4256 417 4304 sie
442 4293 446 4306 .
