3324 5298
384 515 446 577 254
748 513 913 574 RICHERI
936 514 1011 576 LIB.
1036 514 1089 574 lv.

383 661 490 747 portu
501 647 677 745 peruium,
690 646 736 717 ad
743 671 845 726 suam
851 661 990 743 partem
1003 661 1334 745 retorqueret‚eum
1347 651 1454 724 etiam

384 768 420 838 in
441 765 554 861 Ligeri
571 765 690 862 plures
714 764 782 836 sibi
805 779 930 862 portus
948 779 1122 863 paterent.
1148 771 1221 838 Nec
1245 767 1291 838 de
1309 768 1455 866 perjurii

382 883 540 955 facinore
551 882 834 973 formidandrun,
844 907 928 953 eum
936 881 1025 953 illud
1032 883 1107 978 jam
1117 880 1238 954 abavo
1251 908 1455 981 possessum

384 1001 447 1090 sit,
468 1015 504 1071 et
525 1024 623 1071 nune
641 1022 716 1069 non
734 999 827 1095 regis
844 999 906 1069 sed
929 999 1070 1070 alterius
1089 998 1273 1072 habeatur.
1295 1000 1399 1073 Unde
1418 1017 1456 1074 et

383 1115 551 1188 omnibus
576 1116 637 1212 qui
668 1114 776 1186 fidem
802 1114 1046 1211 spondebant,
1075 1116 1345 1188 accelerandum
1373 1142 1453 1191 sua·

383 1233 503 1322 debat,
524 1247 582 1322 ut,
604 1253 829 1329 quacumque
851 1232 988 1303 ratione
1008 1231 1185 1322 vaierent,
1207 1231 1252 1304 ad
1273 1234 1328 1304 sui
1341 1232 1455 1304 domi·

383 1351 485 1421 nium
502 1349 745 1421 transferrent.

346 1589 349 1596 ,
415 1539 537 1592 LXXV.
549 1567 587 1580 —
594 1497 744 1592 Inductio*
758 1536 816 1590 ab*
829 1538 915 1606 legato
928 1534 1031 1590 Odonis
1042 1534 1094 1588 in*
1103 1535 1242 1607 praesidem
1252 1534 1377 1590 Mitiduni
1384 1535 1410 1588 ⁴².

429 1706 528 1771 Tunc
542 1725 690 1771 suorum
708 1697 817 1789 unus,
834 1701 939 1771 castri
956 1697 1143 1798 praesidem
1160 1699 1456 1798 petenS,'f1rmis-

382 1819 507 1888 simam
521 1818 713 1914 amicitiam
723 1816 883 1916 simulat,
901 1800 1082 1919 iidemque
1095 1816 1245 1918 multam
1254 1816 1452 1915 pollicetur.

381 1934 489 2022 Quod
508 1949 543 2004 et
561 1934 739 2030 utrimque
752 1948 974 2008 sacramento
988 1956 1074 2004 mox
1084 1931 1266 2016 firmatum
1279 1933 1354 2004 fuit.
1377 1939 1457 2006 Pre-

319 2089 326 2096 -
382 2051 567 2148 sidemque
575 2049 719 2140 affatus,
732 2049 834 2144 eujus
845 2064 927 2120 ante
937 2048 1007 2119 bac
1021 2041 1177 2122 oestrum
1189 2049 1306 2141 fuerit,
1318 2052 1452 2149 quaerit.

381 2167 443 2238 Ille
453 2167 553 2262 cujus
562 2166 666 2237 fuerit
678 2190 753 2236 non
766 2165 902 2246 abnuit.
918 2170 986 2237 iste
997 2190 1158 2264 quoque:
1172 2197 1190 2234 «
1201 2171 1301 2258 Qu0,
1317 2169 1457 2265 »inquit

384 2285 552 2356 «ordine
576 2283 623 2355 ad
648 2284 784 2380 regium
803 2284 862 2378 jus
886 2283 1052 2360 accessit?
1067 2312 1085 2351 n
1105 2283 1167 2358 ule
1194 2309 1338 2382 quoque
1360 2286 1456 2358 idern

381 2402 619 2500 prosequitur.
641 2405 686 2472 Et
699 2402 784 2472 iste:
801 2404 916 2493 «Cur,
936 2429 954 2467 n
977 2401 1105 2497 inquit,
1124 2430 1142 2469 u
1158 2383 1279 2474 Odoni
1292 2403 1456 2500 prejudi-

384 2547 402 2586 u
423 2519 514 2589 tium
523 2516 575 2608 fit,
593 2542 677 2588 cum
690 2541 927 2615 sepenumero
941 2516 1043 2588 reddi
1059 2515 1126 2588 sibi
1139 2509 1291 2613 petierit,
1308 2535 1344 2590 et
1356 2543 1394 2593 se
1406 2521 1457 2594 in·

384 2665 402 2704 n
423 2635 530 2706 ferior
539 2659 583 2706 eo
597 2659 694 2705 nune
707 2633 1159 2732 potiaturi—-Quoniam,»
1170 2634 1323 2731 inquire
1335 2635 1372 2706 id
1383 2637 1456 2732 regi

385 2783 403 2820 ι(
424 2754 475 2824 sic
487 2755 604 2824 visum
618 2767 681 2823 est.
703 2780 721 2819 u
736 2756 780 2822 Et
799 2753 888 2823 iste:
904 2756 1100 2842 «Putasne,
1119 2780 1137 2819 u
1159 2753 1291 2849 inquit,
1310 2755 1455 2851 «ipsam

384 2899 403 2936 u
424 2868 653 2939 Divinitatem
663 2891 738 2937 non
757 2867 892 2938 offendi
905 2921 914 2957 ‚
932 2892 1016 2938 eum
1027 2882 1171 2940 mortuo
1184 2884 1286 2967 patre
1303 2870 1457 2968 pupillus

386 3014 404 3052 «
426 2984 560 3081 absque
582 3008 621 3054 re
639 2984 856 3080 patrimonio
883 2985 1093 3060 frustratur?
1113 3015 1131 3051 n
1152 2990 1197 3056 Et
1207 2985 1288 3058 ille:
1316 3017 1333 3055 n
1349 2992 1416 3079 lta,
1437 3016 1454 3056 »

274 3167 276 3174 ,
384 3099 510 3195 inquit.
532 3091 612 3171 ‹r'Et
624 3125 699 3172 non
713 3099 829 3171 solum
842 3100 899 3190 id,
925 3101 987 3173 sed
1005 3115 1041 3172 et
1057 3100 1239 3174 bonorum
1257 3103 1455 3202 desperatio

385 3245 404 3284 «
425 3215 477 3286 fit.
494 3217 583 3303 Quis
599 3217 697 3288 enim
713 3217 806 3287 inter
823 3217 991 3315 primates
1006 3216 1136 3289 Odone
1154 3215 1357 3316 potentiori
1372 3222 1456 3308 Quis

385 3363 404 3401 n
425 3335 525 3404 omni
537 3332 677 3405 honore
697 3333 862 3430 dignior?
881 3363 898 3400 u
921 3338 1034 3430 Atque
1053 3335 1099 3406 ad
1119 3334 1194 3408 haec
1212 3337 1302 3408 iste:
1322 3366 1346 3438 q
1357 3339 1413 3428 Si,
1436 3366 1453 3404 »

384 3452 511 3548 inquit,
527 3480 544 3519 r<
561 3449 608 3530 ad
633 3449 802 3523 Odonem
828 3452 1014 3523 transverti
1039 3451 1166 3545 velles,
1195 3455 1456 3555 numquidnam

385 3597 404 3635 u
424 3566 591 3665 ampliori
611 3568 771 3666 potentia
799 3580 882 3640 tene
906 3566 1173 3648 sublimandum
1197 3569 1393 3644 arbitrare?
1422 3573 1456 3644 si

384 3711 402 3750 «
425 3682 501 3778 ejus
515 3707 627 3774 esses,
645 3683 720 3780 ejus
738 3685 820 3756 sine
834 3683 945 3756 dubio
966 3686 1134 3782 gratiam,
1150 3688 1359 3778 consilium,
1375 3713 1454 3786 sup-

386 3827 404 3865 «
426 3799 538 3895 petias
550 3797 713 3882 haberes.
736 3804 806 3871 Pro
825 3823 899 3871 uno
913 3795 1050 3892 castro,
1066 3801 1220 3901 plurima
1241 3803 1452 3902 possideres.

386 3945 404 3982 u
426 3915 530 3986 Unde
560 3929 595 3987 et
619 3916 671 3988 tui
697 3917 854 3987 nominis
879 3917 990 4014 gloria
1017 3943 1062 3989 eo
1089 3920 1236 3992 ulterius
1263 3922 1351 4012 iret,
1377 3947 1455 4020 quo

386 4060 404 4098 u
426 4031 577 4131 amplius
599 4032 748 4104 honoris
772 4033 914 4106 culmen
940 4034 1233 4134 adipiscereris.»
1257 4038 1320 4110 llle
1339 4063 1452 4111 vero:

419 4269 435 4300 '¹
454 4266 499 4331 ln,
511 4269 560 4332 ab,
574 4268 617 4332 in,
629 4268 648 4319 li
663 4267 765 4320 abscisa.
