3320 5296
340 517 399 572 170
706 511 873 581 utentur
894 511 967 570 LlB.
992 511 1045 573 IV.

338 642 492 713 matibus
505 641 652 712 consilio
665 640 808 734 habito,
824 641 995 730 redeunt,
1011 655 1093 740 post
1105 641 1239 712 vernali
1251 656 1413 742 tempore

338 759 498 854 redituri.
520 757 659 847 Quibus
673 759 854 850 abductis,
876 759 1027 830 Karolus
1046 758 1173 831 urbem
1185 761 1413 858 circumqua-

338 857 671 974 que'perambulat.
706 875 831 946 Sicubi*
855 878 961 948 etiam
983 875 1145 948 hostibus
1179 877 1288 948 facilis
1313 879 1414 950 locus

338 1007 454 1090 patet,
484 993 655 1091 explorat.
690 992 851 1065 Obstruit
880 994 999 1090 itaque
1025 1009 1146 1093 portas
1176 994 1334 1078 hosium
1358 997 1416 1067 in-

340 1111 475 1205 gressui
500 1109 631 1181 faciles.
647 1109 809 1181 ›Obturat
831 1110 968 1209 postica
996 1124 1080 1208 post
1103 1110 1231 1182 domos
1255 1112 1411 1184 latentia.

340 1229 525 1298 Restaurat
544 1251 668 1298 muros
688 1241 861 1298 vetustate
881 1227 1012 1327 lapsos.
1028 1225 1166 1298 Turrim
1188 1253 1332 1326 quoque
1350 1255 1415 1328 po·

339 1343 488 1416 tioribus
507 1341 654 1415 edificiis
672 1343 766 1415 intra
786 1358 822 1415 et
839 1360 937 1417 extra
959 1344 1081 1416 dilatat
1100 1369 1142 1417 ac
1161 1343 1292 1417 firmat.

677 1691 948 1762 XX.-Profugium
962 1690 1088 1764 episcopi.

388 1859 429 1925 In
443 1851 553 1952 quarn
570 1857 760 1955 episcopus
782 1857 964 1948 detrusus,
986 1861 1069 1929 cum
1088 1850 1131 1927 in
1145 1856 1306 1952 conclavi
1323 1873 1420 1930 tene-

342 1965 452 2061 retur,
474 1970 626 2043 funibus
636 1998 702 2072 per
722 1973 912 2046 fenestram
937 1967 1134 2063 demissus,
1155 1987 1317 2072 tempore
1335 2000 1420 2045 noc-

341 2101 449 2190 turno
468 2113 562 2190 equo
576 2105 699 2161 vectus
719 2073 864 2186 aufugit.
883 2093 927 2160 Et
941 2077 1040 2161 ut'se
1062 2089 1193 2161 Karolo
1204 2115 1282 2190 non
1296 2089 1422 2162 favisse

342 2217 574 2295 monstraret,
604 2203 651 2276 ad
675 2230 776 2302 reges
801 2230 876 2278 sese
902 2205 1071 2297 contulit,
1097 2221 1132 2277 et
1155 2222 1292 2296 atanta
1310 2208 1422 2307 suspi-

342 2321 440 2392 tione
452 2323 629 2420 purgavit.
647 2322 890 2395 Arbitrabatur
902 2317 1000 2394 enirn
1014 2317 1187 2420 quasdam
1200 2325 1422 2422 conjecturas

342 2462 447 2536 posse
472 2463 493 2509 a
519 2437 835 2539 calumniatoribus
862 2439 1019 2538 confingi
1030 2495 1046 2531 ‚.
1060 2441 1132 2512 acsi
1157 2442 1233 2540 ipse
1258 2440 1423 2541 capiendi

343 2553 624 2654 oportunitatem
649 2571 818 2656 parasset.
841 2559 1113 2657 Quisusceptus
1136 2583 1158 2628 a
1175 2584 1276 2655 rege,
1296 2573 1422 2657 utpote

343 2671 520 2748 fidelitatis
532 2689 730 2772 exsecutor,
750 2699 827 2745 non
837 2669 984 2762 'minore
998 2673 1268 2771 gratiahabitus
1281 2689 1346 2746 est.

774 3015 785 3028 g
810 2913 813 2918 ’
838 2942 914 2995 rnn.

393 3105 531 3172 Interea
550 3102 667 3197 rigore
688 3101 833 3173 hiemali
856 3102 995 3203 elaps0,
1016 3126 1100 3174 oum
1119 3126 1198 3174 aere
1212 3104 1345 3175 mitiori
1363 3130 1426 3176 ver

346 3219 453 3290 rebus
473 3216 661 3308 arrideret,
678 3233 714 3290 et
731 3234 832 3318 prata
846 3234 953 3317 atque
971 3244 1118 3317 campos
1137 3220 1311 3292 virescere
1333 3221 1425 3292 face·

280 3390 281 3398 ,
347 3345 417 3421 ret,
432 3354 532 3426 reges
545 3327 701 3400 exercitu
717 3330 866 3402 collecto
880 3329 1009 3401 urbem
1020 3329 1228 3428 praedictam
1241 3355 1325 3402 curn
1344 3347 1426 3403 octo

349 3447 492 3520 milibus
513 3449 665 3546 aggressi
687 3463 782 3520 sunt.
809 3453 930 3544 Castra
947 3448 1110 3546 inprimis
1132 3473 1258 3546 aggere
1277 3465 1313 3522 et
1335 3450 1428 3521 fossa

348 3567 527 3644 muniunt.
550 3567 638 3640 Inde
656 3569 846 3640 exstruitur
864 3569 954 3639 aries
972 3565 1084 3636 muris
1103 3565 1306 3664 frangendis
1325 3567 1428 3640 obni-

348 3711 464 3757 surus.

627 4003 646 4055 j·
674 3965 765 4022 XXII.
778 3965 990 4037 -Compositio
1002 3953 1098 4018 arietis.
1180 3993 1183 4000 ¹

399 4128 508 4223 Cujus
535 4126 739 4198 machinam
764 4152 806 4196 ex
831 4139 986 4222 quatuor
1010 4127 1107 4196 rnirae
1130 4125 1376 4221 grossitudinis
1394 4140 1430 4195 et

352 4244 583 4342 longitudinis
614 4243 772 4317 trabibus
799 4242 1008 4338 longilatero
1035 4260 1189 4316 scemate
1219 4239 1425 4332 erexerunt,
