3314 5294
351 513 410 572 130
714 506 881 568 RICHERl
904 507 979 571 ΗΒ.
1004 510 1064 570 ΙΙΙ.

349 645 515 715 frustrato
535 640 761 714 decidebant.
786 646 863 713 Hoc
881 644 1017 741 impetu
1031 645 1143 734 facto,
1168 645 1260 718 Galli
1280 631 1431 718 circum-

348 785 492 859 quaquc
514 757 741 830 obsidionem
765 756 992 858 disposuere;
1022 761 1196 859 fossisque
1221 764 1425 862 praeruptis,
1516 757 1519 762 ¹

347 877 630 950 obfirmaverunt
656 890 791 965 castra,
827 900 874 947 ne
898 877 928 947 si
960 877 1006 948 ad
1022 878 1196 950 incautos
1235 880 1428 954 adversarii

346 995 573 1094 prosilirent,
594 1017 779 1065 accessum
797 993 936 1065 facilem
954 995 1173 1088 invenirent.-

419 1227 425 1236 ·
513 1170 1260 1293 ev]-compositio*cujusdammannemeruce

392 1372 556 1456 Quercus
577 1381 745 1467 proceras
769 1363 939 1438 radicitus
965 1367 1118 1437 succisas
1150 1365 1197 1440 ad
1220 1363 1424 1472 machinam

342 1482 508 1557 bellicam
526 1479 762 1568 extruendam
783 1481 1015 1554 advexerunt.
1045 1487 1098 1552 Ex
1115 1481 1247 1580 quibus
1269 1499 1424 1580 quatuor

343 1601 461 1673 trabes
494 1600 716 1672 tricenorum
755 1599 893 1698 pedum
926 1615 1128 1672 straverunt
1159 1600 1260 1690 solo,
1302 1601 1350 1672 ita
1383 1584 1424 1672 nt

343 1718 422 1793 dnae
447 1719 485 1790 in
505 1717 657 1815 longum
668 1717 853 1814 projectae,
872 1698 911 1789 et
934 1717 1059 1798 decem
1077 1717 1214 1816 pedum
1234 1717 1422 1790 intervallo

342 1835 536 1924 distinctae,
557 1833 698 1907 duabus
715 1833 792 1906 aliis
809 1860 875 1934 per
897 1849 1140 1908 transversum
1163 1835 1294 1907 eodem
1317 1837 1424 1908 inter-

341 1952 435 2024 vallo
454 1950 761 2049 superjacentibus
779 1949 1004 2044 cohererent.
1038 1951 1287 2049 Longitudinis
1309 1967 1345 2024 et
1373 1953 1423 2024 la-

341 2067 502 2142 titudinis
537 2071 712 2168 spatium,
754 2069 854 2167 quod
884 2069 994 2140 iritrav
1010 2069 1263 2141 commissuras
1297 2095 1422 2142 earum

341 2185 546 2278 tenebatur,
562 2186 696 2286 ¹decern
713 2186 850 2286 pedum
864 2201 951 2258 erat.
970 2181 1152 2288 Quicquid
1165 2187 1272 2259 etiam
1290 2211 1424 2260 acom-

340 2304 500 2375 missuris
526 2319 624 2376 extra
651 2303 855 2402 projectum
886 2319 988 2393 erat,
1012 2304 1120 2376 simili
1150 2304 1262 2376 modo
1281 2304 1422 2376 'decern

339 2419 493 2518 pedibus
510 2415 792 2492 distendebatur.
819 2419 1010 2510 Inharum
1037 2419 1193 2491 trabium
1214 2420 1424 2491 commissu-

340 2536 401 2627 ris,
415 2551 572 2634 quatuor
585 2535 739 2608 sublicas
752 2523 1068 2633 quadragenorum
1081 2535 1231 2634 pedum,
1247 2536 1423 2634 quadrato

341 2653 489 2751 quidem
502 2668 676 2744 scemate,
694 2651 758 2724 sed
771 2677 945 2751 procero,
962 2677 1066 2750 aequo
1080 2653 1195 2751 spatio
1210 2676 1281 2726 ase
1295 2652 1426 2725 distan-

341 2785 414 2859 tes,
450 2767 617 2843 adhibitis
644 2768 787 2840 trocleis
814 2785 1017 2841 erexerunt.
1044 2771 1426 2868 Transposueruntque

341 2885 397 2957 bis
423 2911 489 2985 per
521 2884 678 2983 quatuor
702 2886 832 2975 latera,
866 2885 1019 2960 festucas
1049 2887 1359 2987 decempedam,
1387 2890 1424 2962 in

343 2989 466 3069 medio
489 2997 622 3069 scilicet
647 3013 686 3068 et
711 2999 747 3067 in
767 3020 928 3088 summo,
956 3024 1035 3096 quae
1059 2999 1249 3090 traductae,
1272 2999 1425 3072 sublicas

343 3113 410 3186 sibi
435 3113 573 3187 fortiter
600 3103 848 3186 annecterent.
885 3119 913 3188 Α
940 3105 1116 3213 capitibus
1142 3141 1227 3188 vero
1254 3114 1433 3208 trabium,

344 3231 476 3330 quibus
494 3227 638 3303 sublicae
655 3230 879 3324 nitebantur,
900 3247 1058 3334 quatuor
1075 3233 1192 3305 trabes
1208 3233 1344 3307 eductae
1356 3291 1367 3334 ,
1376 3255 1379 3260 ’
1389 3252 1427 3308 et

343 3366 438 3447 pene
456 3370 570 3446 usque
589 3343 642 3419 ad'
656 3347 809 3420 festucas
826 3349 1029 3452 superiores
1047 3347 1260 3448 obliquatae,
1283 3350 1428 3454 sublicis

341 3463 608 3562 jungebantur,
619 3483 660 3537 ut
673 3465 723 3537 sic
737 3491 781 3538 ex
794 3467 845 3570 eis
858 3467 1025 3560 machina
1039 3468 1257 3539 extrinsecus
1271 3456 1424 3560 firmata,

345 3607 421 3654 non
444 3581 624 3674 titubaret.
652 3587 768 3683 Super
791 3583 943 3657 festucas
965 3610 1112 3690 quoque
1134 3610 1214 3682 quae
1241 3585 1278 3678 in
1304 3584 1427 3658 medio

346 3713 381 3768 et
399 3697 435 3768 in
450 3722 593 3796 summo
608 3697 811 3774 machinam
825 3699 1082 3790 conectebant,
1100 3700 1196 3798 tigna
1210 3715 1424 3772 straverunt.

347 3815 434 3898 Quae
448 3813 555 3900 etiam
570 3813 725 3905 cratibus
739 3830 988 3910 contexerunt,
1004 3839 1111 3914 super
1124 3839 1214 3912 quas
1226 3814 1430 3888 dimicaturi

347 3945 479 4002 stantes
498 3948 533 4004 et
552 3932 805 4005 eminentiores
823 3933 928 4023 facti,
951 3932 1173 4006 adversarios
1191 3933 1361 4006 deorsum
1373 3934 1429 4028 ja·

348 4047 436 4119 culis
463 4064 499 4120 et
520 4048 699 4148 lapidibus
721 4050 926 4122 obruerent.
956 4055 1054 4121 Hanc
1078 4050 1210 4155 molem
1232 4064 1429 4121 extructam

385 4269 399 4300 *
418 4267 483 4320 Corn
491 4307 499 4332 ‚
517 4287 543 4318 m
555 4269 659 4320 abscisa.
