3320 5296
380 473 438 532 158
740 466 907 528 RICHElll
930 467 1007 527 LlB.
1032 466 1086 526 JV.

380 633 403 694 a
419 600 528 690 detis,
549 599 734 696 quomodo
757 598 897 671 bonum
922 597 1208 696 contempnetis?
1231 597 1302 670 Sed
1323 598 1454 671 talibus

380 749 397 787 u
419 717 507 816 quid
524 717 772 788 interminatur
789 717 866 814 ipsa
877 716 1051 814 Divinitas
1064 714 1079 784 Ρ
1092 719 1224 806 -Vae,
1240 715 1374 812 iuquit,
1391 717 1456 813 qui

380 867 398 904 a
422 835 537 906 dicitis
573 834 707 905 malum
737 833 895 924 bonum,
932 832 1072 904 bonum
1095 832 1249 922 malum,
1278 848 1456 929 ponentes

381 985 400 1024 u
421 952 539 1024 lucem
560 951 742 1043 tenebras,
774 967 810 1023 et
839 949 1004 1022 tenebras
1032 949 1161 1021 lucem.
1178 954 1455 1022 -Promovete

383 1099 402 1137 u
422 1070 527 1166 igitur
543 1068 646 1139 vobis
667 1067 815 1157 ducem,
837 1082 940 1157 actu,
961 1066 1166 1156 nobilitate,
1183 1067 1294 1164 copiis
1307 1066 1456 1138 clarissi-

382 1219 399 1255 «
422 1213 543 1276 mum,
565 1212 674 1283 quem
692 1210 767 1255 non
785 1185 902 1256 solum
925 1183 1151 1284 reipublicae,
1168 1185 1230 1256 sed
1249 1200 1283 1257 et
1302 1185 1457 1282 privata-

380 1334 398 1372 «
420 1330 501 1374 rum
513 1328 639 1374 rerum
658 1316 812 1373 tutorem
823 1289 1021 1396 invenietis.
1038 1307 1118 1402 Ipsa
1129 1302 1204 1398 ejus
1216 1291 1457 1374 benivolentia

381 1451 398 1488 ι(
421 1420 579 1510 favente,
600 1445 683 1491 eum
694 1445 761 1518 pro
775 1435 875 1519 patre
887 1420 1074 1492 habebitis.
1097 1421 1185 1508 Quis
1198 1420 1295 1491 enim
1308 1420 1355 1490 ad
1371 1445 1455 1491 eum

362 1551 398 1604 'a
420 1537 595 1633 confligit,
617 1551 652 1608 et
669 1538 907 1636 patrocinium
925 1562 1001 1608 non
1019 1537 1178 1608 invenit?
1199 1538 1287 1625 Quis
1306 1563 1455 1610 suorum

382 1681 399 1720 u
421 1652 557 1723 auxiliis
570 1651 773 1743 destitutus,
790 1677 855 1751 per
868 1677 951 1730 eum
963 1652 1035 1723 suis
1049 1677 1124 1724 non
1135 1653 1315 1725 restitutus
1331 1653 1419 1724 fuit?
1434 1681 1453 1719 »

623 2205 698 2272 xil.
712 2233 748 2244 -
761 2205 896 2257 Promotio
908 2204 1028 2275 Hngonis
1041 2204 1070 2256 in
1081 2221 1201 2274 regnum.

431 2376 505 2443 Hae
530 2370 705 2442 sententia
727 2369 952 2469 promulgata
976 2384 1011 2440 et
1032 2366 1078 2439 ab
1102 2369 1269 2442 omnibus
1292 2368 1458 2460 laudata,

381 2489 455 2561 dux
472 2489 636 2560 omnium
659 2514 837 2560 consensu
853 2489 892 2560 in
909 2512 1060 2584 regnum
1076 2503 1321 2584 promovetur,
1343 2503 1378 2559 et
1395 2512 1461 2584 per

382 2603 700 2702 metropolitanum
738 2605 897 2702 aliosque
928 2605 1116 2703 episcopos
1154 2605 1319 2676 Noviomi
1354 2628 1460 2676 coro·

383 2737 505 2810 natus,
531 2721 660 2811 Gallis,
694 2721 905 2809 Brittannis,
926 2721 1056 2811 Dahis,
1087 2721 1289 2817 AquitaniS,
1310 2720 1458 2811 Gothis,

383 2839 564 2936 Hispanis,
580 2838 837 2928 Wasconibus‚
852 2864 915 2910 rex
929 2840 938 2874 ⁴
956 2838 1123 2911 Kalendis
1132 2838 1212 2934 jun.
1229 2855 1459 2936 praerogatur.

384 2955 540 3052 Stipatus
555 2953 674 3049 itaque
686 2973 880 3050 regnorum
900 2951 1138 3052 principibus,
1160 2979 1262 3025 more
1275 2954 1372 3050 regio
1399 2953 1462 3024 de·

336 3075 339 3084 '
384 3084 482 3139 creta
499 3067 600 3158 fecit,
628 3067 794 3165 legesque
821 3068 1002 3160 condidit,-
1037 3068 1129 3146 selici
1152 3094 1316 3141 successu
1342 3068 1465 3141 omnia

385 3186 574 3275 ordinans,
591 3202 698 3283 atque
716 3185 942 3258 distribuens.
967 3189 1011 3256 Et
1024 3200 1064 3256 ut
1076 3167 1287 3271 lieatitudiui
1301 3211 1372 3257 suae
1391 3211 1464 3257 res-

385 3301 586 3400 ponderet,
602 3299 717 3372 multo
739 3326 904 3372 successu
917 3327 1038 3372 rerum
1054 3301 1293 3372 secundarum
1306 3301 1461 3390 levatus,

385 3419 433 3491 ad
449 3418 599 3490 multam
619 3419 786 3516 pietatem
808 3417 972 3489 intendit.
1002 3423 1118 3515 thue
1143 3433 1226 3515 post
1256 3418 1309 3489 sui
1337 3416 1466 3488 disces·

381 3559 465 3608 sum
482 3537 603 3625 avita,
624 3535 796 3607 heredem
812 3551 950 3608 certum
963 3535 999 3605 in
1013 3560 1123 3631 regno
1134 3534 1372 3632 relinqueret,
1389 3559 1466 3606 sese

337 3721 340 3738 ‚
384 3651 589 3723 consultum
612 3679 696 3724 cum
714 3652 934 3751 principibus
960 3651 1129 3743 contulit;
1156 3667 1203 3743 et,
1230 3651 1361 3722 collato
1381 3676 1465 3721 cum

388 3771 438 3840 eis
455 3769 626 3861 consilio,
651 3774 843 3842 Remorum
864 3767 1181 3866 metropolitanum
1204 3767 1401 3839 Aurelianis
1418 3767 1465 3839 de

387 3888 616 3985 promotione
634 3887 698 3958 filii
715 3890 769 3959 sui
783 3883 942 3958 Rotberti
960 3887 996 3956 in
1015 3911 1167 3984 regnum
1179 3886 1278 3984 prius
1289 3910 1355 3984 per
1371 3885 1466 3982 lega·

390 4019 464 4094 tos,
484 4020 565 4103 post
592 4030 657 4102 per
675 4030 751 4077 sese
776 4004 955 4078 convenit.
977 4003 1043 4075 Cui
1061 4028 1145 4076 cum
1168 4003 1467 4103 metropolitanus

428 4221 434 4249 ¹
456 4240 478 4271 r.
495 4222 527 4272 ab
541 4222 663 4274 omnibus
677 4220 751 4274 delet.
781 4187 786 4192 μ
