3314 5294
695 527 862 594 ntcnnm
883 530 959 595 nn.
984 533 1043 614 111„

626 713 797 768 Lxxv1.-
804 713 992 768 Monomacbia
1003 712 1129 767 duorum.
1154 731 1157 746 ³

387 864 480 932 Cum
495 885 581 958 ergo
597 875 745 960 uterque
763 861 938 933 exercitus
952 856 1064 930 dubio
1076 865 1167 929 esset
1180 868 1290 944 statu,
1317 866 1353 925 et
1370 851 1416 926 de

338 977 487 1049 victoria
507 977 716 1070 altripsecus
737 990 812 1049 tota
832 990 953 1048 mente
971 985 1201 1072 quaereretur,
1216 973 1417 1042 Germanus

339 1094 488 1191 quidam
509 1095 630 1168 animo
654 1093 978 1188 simuletviribus
1003 1091 1140 1181 fidens,
1165 1086 1352 1186 singularis
1370 1083 1417 1156 ad

339 1210 588 1286 dimicandum
599 1237 685 1289 cum
703 1213 810 1294 armis
821 1212 1008 1312 processit,
1021 1232 1169 1309 seseque
1182 1207 1229 1280 ad
1246 1219 1414 1305 pontem,

339 1328 405 1402 ubi
426 1345 539 1428 portae
574 1346 677 1404 erant
697 1331 876 1430 repagulis
902 1346 939 1404 et
971 1330 1078 1403 clavis
1102 1327 1224 1401 ferreis
1249 1323 1414 1411 munitae,

338 1470 614 1543 congressurum
640 1448 759 1521 solum
779 1475 864 1528 cum
881 1447 1121 1528 soloobtulit.
1144 1443 1292 1517 Hostem
1306 1453 1348 1513 ut
1362 1463 1420 1530 ve·

339 1564 433 1636 nbat
448 1565 637 1662 singularis
661 1590 907 1666 saepenumero
929 1563 1143 1637 inclamavit.
1175 1566 1220 1631 Et
1240 1583 1325 1631 cum
1343 1557 1418 1653 jam

323 1680 377 1756 'in
395 1686 583 1759 Gallorum
599 1703 852 1787 contemptum
870 1687 1035 1786 quaedam
1052 1683 1243 1774 maledicta
1259 1678 1420 1753 effunde·

339 1817 413 1893 ret,
446 1828 513 1876 nec
539 1790 666 1902 aliquis
690 1806 722 1877 ei
747 1806 1004 1904 responderet,
1046 1829 1112 1903 per
1138 1798 1305 1874 custodes
1336 1795 1419 1867 duci

340 1917 487 2017 aliisque
498 1921 720 2020 principibus
732 1923 795 2019 qui
805 1923 882 2019 jam
894 1922 1002 2021 pauci
1015 1919 1248 2006 advenerant,
1268 1915 1420 1987 relatum

340 2050 410 2127 est,
435 2037 482 2108 ad
504 2052 627 2136 portas
649 2040 770 2138 pontis
787 2037 998 2134 hujusmodi
1025 2061 1101 2108 esse
1120 2034 1328 2121 hominem,
1357 2028 1420 2126 qui

341 2178 418 2226 sese
433 2153 480 2224 ad
499 2154 746 2240 dimicandum
765 2155 990 2252 singulariter
1007 2152 1127 2224 solum
1144 2174 1228 2222 cum
1246 2146 1325 2219 solo
1339 2169 1420 2243 pro·

339 2285 511 2368 poneret,
547 2271 722 2370 illumque
745 2271 889 2372 probris
910 2286 946 2342 et
971 2267 1197 2341 contumeliis
1226 2261 1421 2337 verborum

340 2387 519 2487 principes
544 2387 727 2482 lacessire,
753 2415 820 2461 nec
838 2387 940 2460 illum
971 2386 1057 2458 inde
1079 2407 1303 2459 recessurum
1329 2405 1417 2471 esse,

339 2505 409 2576 nisi
430 2521 492 2577 aut
513 2507 738 2603 singulariter
763 2505 1037 2604 congrediatur,
1070 2517 1132 2575 aut
1160 2500 1274 2601 portis
1303 2498 1422 2569 incisis

340 2636 437 2694 totus
472 2625 645 2704 exercitus
675 2625 945 2696 intromittatur.
979 2626 1171 2718 Duxlcum
1201 2614 1422 2718 principibus

342 2742 436 2814 hanc
462 2745 718 2815 contumeliam
741 2769 818 2815 non
838 2743 973 2833 ferens,
994 2742 1131 2813 tirones
1155 2739 1164 2776 ⁴
1195 2740 1359 2810 hortatur
1384 2749 1422 2806 ut

343 2859 521 2937 fluentem
550 2861 563 2897 ²
588 2860 779 2960 repellant,
805 2876 842 2932 et
864 2886 884 2934 a
904 2875 1003 2932 tanta
1022 2858 1219 2957 ignominia
1244 2854 1386 2955 purgati
1405 2851 1418 2889 ³

327 3017 330 3024 ⁴
344 2983 501 3053 nominis
514 2982 665 3080 gloriam
674 2983 741 3055 sibi
754 2984 931 3056 affectent.
946 2988 1030 3055 Mox
1043 2981 1285 3080 quamplures
1298 2978 1420 3050 animo

344 3098 531 3190 ardentes,
559 3100 607 3171 ad
633 3100 872 3174 resistendum
902 3125 978 3172 sese
1004 3099 1224 3171 obtulerunt.
1251 3101 1345 3192 Ergo
1376 3092 1422 3165 de

345 3220 508 3321 pluribus
536 3249 630 3295 unus
654 3223 806 3313 electus,
834 3223 945 3312 lvo⁴,
963 3243 1218 3320 congressurus
1245 3216 1419 3318 procedit.

347 3339 529 3410 Premium
550 3340 618 3411 viri
643 3338 744 3411 fortis
772 3339 1000 3439 propositum
1027 3352 1101 3428 est3
1124 3352 1160 3410 et
1182 3335 1307 3407 ablatis
1324 3353 1424 3432 repa-

347 3453 455 3551 gulis,
489 3472 602 3556 portae
631 3456 813 3557 patefactae
845 3470 939 3528 sunt.
982 3453 1148 3528 Procedit
1178 3452 1245 3524 sibi
1280 3449 1424 3523 obviam

347 3578 460 3650 hostis
473 3594 636 3678 uterque.
654 3580 725 3667 Qui
739 3579 888 3675 objectis
899 3578 1034 3676 clipeiS,
1046 3576 1194 3674 telisque
1206 3573 1421 3657 obnitentes,

349 3711 470 3769 mente
488 3697 615 3770 furiata
626 3722 742 3797 pauca
756 3696 955 3769 admodum
967 3695 1108 3797 probra¹
1120 3693 1188 3765 sibi
1200 3691 1422 3788 objecerunt.

387 3937 395 3979 ⁵
416 3947 510 3999 milites
521 3959 545 3998 et
558 3965 632 4018 supm
642 3946 684 3998 vel
699 3946 797 4000 tirones
809 3945 897 3996 codar.

385 4032 397 4062 ¹
412 4045 442 4084 ut
454 4050 547 4084 canem
557 4032 696 4084 latrantem
710 4049 774 4082 corr.
788 4030 927 4082 biremem.

385 4118 397 4148 ³
415 4115 434 4168 i.
448 4133 504 4168 non
515 4115 601 4167 solum
612 4133 676 4167 sese.
688 4113 734 4166 sed
751 4126 777 4166 ct
794 4125 879 4166 totam
890 4124 994 4183 gentem
1006 4128 1080 4164 suam
1092 4109 1247 4163 emundent.
1262 4129 1292 4163 ac
1303 4129 1352 4181 per
1366 4110 1426 4164 infi-

351 4202 406 4254 nita
419 4213 540 4272 tempora
551 4198 642 4250 deleta.

386 4281 398 4313 ⁴
415 4303 466 4335 coa
477 4281 560 4334 littera
574 4280 706 4352 majuscula
718 4283 825 4352 scripta,
842 4279 908 4332 linea
923 4278 1043 4332 subducta
1055 4277 1130 4331 deleri
1141 4277 1251 4331 uidetur.
