3314 5294
392 537 450 593 110
749 527 916 588 RICHERI
939 525 1015 588 LlB.
1041 526 1100 588 ΙΙΙ.

387 668 425 738 in
445 666 538 738 dolis
554 661 818 762 componendis
835 661 1061 733 insidiatores
1089 658 1208 730 studio
1234 673 1270 729 et
1297 659 1356 730 hic
1380 662 1471 732 nite·

386 798 523 855 rentur.
539 780 700 854 Tandem
712 794 898 851 tantorum
915 775 1094 850 malorum
1106 800 1264 868 securus,
1286 777 1401 851 Gallia
1418 805 1473 850 re·

389 917 515 1001 ceptus
534 915 614 996 est.¹

854 1011 1008 1064 LXXXIX.

438 1153 597 1250 Cognitis
614 1167 736 1222 autem
755 1165 993 1246 utrorumque
1009 1147 1102 1220 dolis
1120 1147 1166 1218 ab
1181 1163 1352 1246 utroque,
1373 1165 1473 1222 tanta

389 1268 598 1341 crudelitate
617 1269 655 1338 in
675 1290 806 1338 senon
825 1267 934 1336 armis
955 1266 1019 1338 sed
1046 1265 1184 1338 insidiis
1202 1266 1393 1340 latentibus
1412 1268 1473 1340 de-

388 1385 553 1458 bacchati
571 1399 674 1474 sunt,
690 1399 731 1454 ut
745 1383 882 1480 aliquot
901 1384 1004 1456 annis
1018 1408 1074 1460 res
1090 1383 1235 1482 publica
1251 1385 1473 1484 principibus

390 1503 644 1576 dissidentibus
663 1501 819 1572 multum
836 1500 1027 1573 lederetur.
1044 1505 1144 1573 Tunc
1157 1504 1265 1574 etiam
1278 1502 1473 1574 multarum

389 1647 512 1693 rerum
524 1601 798 1718 usurpationes,
814 1619 1030 1689 miserorum
1048 1643 1195 1716 quoque
1207 1620 1471 1718 oppressiones,

391 1754 426 1810 et
442 1739 537 1809 circa
550 1737 670 1807 minus
687 1749 873 1833 potentes,
897 1734 1115 1806 calamitates
1132 1735 1273 1806 nefariae
1291 1759 1313 1806 a
1329 1735 1475 1832 quibus-

390 1855 476 1927 dam
492 1856 611 1954 pravis
625 1853 787 1925 exercitae
806 1867 902 1923 sunt.
925 1855 1017 1924 Cum
1029 1852 1218 1950 utriusque
1241 1854 1475 1953 sapientiores

390 1971 428 2041 in
448 1996 563 2041 unum
581 1967 781 2041 consulturi
800 1968 1077 2057 convenientes,
1098 1968 1279 2067 principes
1304 1959 1475 2042 dissidere

391 2087 547 2186 plurima
565 2085 879 2158 commiseratione
897 2085 1086 2180 conquesti
1104 2099 1199 2156 sunt.

625 2288 683 2340 XC.
693 2317 730 2330 -
743 2287 863 2340 Lotharii
877 2299 902 2338 et
916 2287 1037 2357 lingonis
1051 2288 1241 2340 reconciliatio.

441 2439 722 2530 statueruntque
746 2448 786 2503 ut
803 2431 948 2502 alterius
966 2430 1123 2503 fautores
1150 2432 1197 2504 ad
1223 2434 1375 2506 alterum
1393 2461 1473 2507 sua-

391 2553 467 2625 suri
480 2552 527 2624 de
541 2549 831 2622 reconciliatione
847 2548 1056 2639 transirent,
1079 2565 1118 2619 ut
1136 2549 1305 2621 alteruter
1324 2550 1473 2622 benivo-

392 2672 503 2744 lentia
520 2670 722 2742 alterutrius
742 2683 887 2766 captus,
908 2665 1044 2737 facilius
1062 2665 1129 2736 sibi
1153 2667 1471 2759 condescenderet,

393 2812 551 2885 eumque
561 2813 630 2885 pro
639 2786 713 2858 lesa
726 2784 886 2855 amicicia
901 2783 1020 2854 utilius
1034 2784 1221 2881 peniteret.
1240 2786 1368 2872 Quod*
1389 2812 1476 2859 con-

393 2908 548 2995 sultum,
570 2930 645 2976 non
667 2902 781 2974 multo
804 2917 888 3001 post
905 2887 1073 2974 effectum
1089 2901 1230 2975 habuit.¹
1250 2909 1340 2976 Nam
1364 2920 1399 2976 et
1424 2905 1475 2977 cis

395 3021 637 3094 efficacissime
648 3042 860 3118 persuasum
878 3030 947 3107 est,
974 3041 1016 3088 ac
1034 3017 1189 3115 plurima
1202 3017 1394 3091 dilectione
1410 3021 1477 3092 sibi

394 3143 527 3216 annexi
537 3157 633 3213 sunt.
655 3142 712 3212 Sic
730 3140 837 3212 etiam
855 3140 893 3209 in
907 3139 1068 3237 utrisque
1082 3139 1134 3210 vis
1152 3140 1320 3212 amiciciae
1338 3139 1478 3214 firmata

397 3261 472 3332 visa
490 3273 554 3331 est.

558 3447 631 3499 XCI.
641 3477 677 3486 —
686 3447 822 3498 Promotio
836 3445 966 3499 Ludovici
978 3446 1006 3497 in
1020 3465 1132 3516 regnum
1144 3447 1318 3500 Francorum.

448 3592 590 3663 Etenim
608 3614 691 3663 cum
717 3613 779 3659 rex
806 3585 921 3658 filium
944 3611 1051 3659 suum
1069 3588 1292 3662 Ludovicum
1310 3593 1348 3663 in
1367 3619 1478 3692 regno

395 3709 465 3780 sibi
485 3707 676 3779 succedere
695 3704 818 3795 vellet,
841 3705 960 3803 ipsum
977 3731 1123 3803 quoque
1143 3733 1164 3779 a
1186 3707 1278 3780 duce
1302 3711 1481 3786 ordinan-

395 3827 489 3898 dum
507 3839 698 3924 quaereret,
726 3821 799 3893 dux
824 3821 919 3892 hanc
942 3821 1207 3895 ordinationem
1233 3852 1318 3897 mox
1342 3828 1481 3902 liberali

397 3945 521 4016 animo
540 3968 577 4014 se
591 3940 923 4012 administraturum
937 3940 1133 4039 respondit.
1155 3946 1200 4012 Et
1221 3942 1343 4041 legatis
1366 3947 1481 4020 direc-

389 4057 463 4152 tis,
484 4083 680 4158 regnorum
701 4057 881 4156 principes
900 4057 1115 4156 Compendii
1133 4060 1294 4159 collegit3
1316 4063 1438 4164 ibique
1459 4092 1480 4139 a

436 4290 445 4320 ¹
465 4289 500 4354 Q.
514 4301 618 4340 senatus
629 4287 706 4338 delet.
