<?xml version="1.0" encoding="UTF-8"?>
<!DOCTYPE html PUBLIC "-//W3C//DTD XHTML 1.0 Transitional//EN"
    "http://www.w3.org/TR/xhtml1/DTD/xhtml1-transitional.dtd">
<html xmlns="http://www.w3.org/1999/xhtml" xml:lang="en" lang="en">
 <head>
  <title>
</title>
<meta http-equiv="Content-Type" content="text/html;charset=utf-8" />
  <meta name='ocr-system' content='tesseract 3.04.00' />
  <meta name='ocr-capabilities' content='ocr_page ocr_carea ocr_par ocr_line ocrx_word'/>
</head>
<body>
  <div class='ocr_page' id='page_1' title='image "./richerhistoired01parigoog_0290.png"; bbox 0 0 3324 5298; ppageno 0'>
   <div class='ocr_carea' id='block_1_1' title="bbox 370 540 1071 610">
    <p class='ocr_par' dir='ltr' id='par_1_1' title="bbox 370 540 1071 610">
     <span class='ocr_line' id='line_1_1' title="bbox 370 540 1071 610; baseline -0.006 -4"><span class='ocrx_word' id='word_1_1' title='bbox 370 548 431 610; x_wconf 73' lang='lat'><strong>260</strong></span> <span class='ocrx_word' id='word_1_2' title='bbox 725 540 892 603; x_wconf 78' lang='lat' dir='ltr'><strong>lllCllElll</strong></span> <span class='ocrx_word' id='word_1_3' title='bbox 915 541 999 602; x_wconf 53' lang='lat' dir='ltr'>121ssae</span> <span class='ocrx_word' id='word_1_4' title='bbox 1017 542 1071 602; x_wconf 88' lang='lat' dir='ltr'><strong>lV.</strong></span> 
     </span>
    </p>
   </div>
   <div class='ocr_carea' id='block_1_2' title="bbox 361 672 1443 1702">
    <p class='ocr_par' dir='ltr' id='par_1_2' title="bbox 361 672 1443 1702">
     <span class='ocr_line' id='line_1_2' title="bbox 369 672 1443 771; baseline -0.001 -23"><span class='ocrx_word' id='word_1_5' title='bbox 369 691 522 748; x_wconf 75' lang='lat' dir='ltr'><strong>castrum</strong></span> <span class='ocrx_word' id='word_1_6' title='bbox 545 673 658 745; x_wconf 86' lang='lat' dir='ltr'><strong>asnis</strong></span> <span class='ocrx_word' id='word_1_7' title='bbox 680 697 785 771; x_wconf 89' lang='lat' dir='ltr'><strong>posse</strong></span> <span class='ocrx_word' id='word_1_8' title='bbox 804 685 930 760; x_wconf 86' lang='lat' dir='ltr'><strong>contra</strong></span> <span class='ocrx_word' id='word_1_9' title='bbox 954 672 1075 745; x_wconf 88' lang='lat' dir='ltr'><strong>hostes</strong></span> <span class='ocrx_word' id='word_1_10' title='bbox 1103 674 1264 764; x_wconf 83' lang='lat' dir='ltr'><strong>defendi,</strong></span> <span class='ocrx_word' id='word_1_11' title='bbox 1298 674 1443 748; x_wconf 83' lang='lat' dir='ltr'>insidias</span> 
     </span>
     <span class='ocr_line' id='line_1_3' title="bbox 366 789 1442 892; baseline 0 -28"><span class='ocrx_word' id='word_1_12' title='bbox 366 795 561 892; x_wconf 79' lang='lat' dir='ltr'><strong>piratarum</strong></span> <span class='ocrx_word' id='word_1_13' title='bbox 580 789 833 886; x_wconf 77' lang='lat' dir='ltr'><strong>aliquantisper</strong></span> <span class='ocrx_word' id='word_1_14' title='bbox 856 804 1036 887; x_wconf 89' lang='lat' dir='ltr'><strong>suspectas</strong></span> <span class='ocrx_word' id='word_1_15' title='bbox 1055 789 1204 878; x_wconf 87' lang='lat' dir='ltr'><strong>babens.</strong></span> <span class='ocrx_word' id='word_1_16' title='bbox 1232 795 1328 864; x_wconf 91' lang='lat' dir='ltr'><strong>Dum</strong></span> <span class='ocrx_word' id='word_1_17' title='bbox 1357 817 1442 889; x_wconf 86' lang='lat' dir='ltr'><strong>ergo</strong></span> 
     </span>
     <span class='ocr_line' id='line_1_4' title="bbox 366 902 1441 1002; baseline 0.001 -25"><span class='ocrx_word' id='word_1_18' title='bbox 366 907 494 980; x_wconf 90' lang='lat' dir='ltr'><strong>herens</strong></span> <span class='ocrx_word' id='word_1_19' title='bbox 513 904 559 977; x_wconf 87' lang='lat' dir='ltr'><strong>de</strong></span> <span class='ocrx_word' id='word_1_20' title='bbox 575 917 704 976; x_wconf 90' lang='lat' dir='ltr'><strong>eventu</strong></span> <span class='ocrx_word' id='word_1_21' title='bbox 723 916 882 992; x_wconf 87' lang='lat' dir='ltr'><strong>nutaret,</strong></span> <span class='ocrx_word' id='word_1_22' title='bbox 900 902 1034 975; x_wconf 84' lang='lat' dir='ltr'><strong>affuere</strong></span> <span class='ocrx_word' id='word_1_23' title='bbox 1052 906 1185 995; x_wconf 90' lang='lat' dir='ltr'><strong>nuntii,</strong></span> <span class='ocrx_word' id='word_1_24' title='bbox 1207 906 1269 1002; x_wconf 92' lang='lat' dir='ltr'><strong>qui</strong></span> <span class='ocrx_word' id='word_1_25' title='bbox 1287 920 1441 978; x_wconf 89' lang='lat' dir='ltr'><strong>castrum</strong></span> 
     </span>
     <span class='ocr_line' id='line_1_5' title="bbox 365 1018 1443 1121; baseline 0.001 -26"><span class='ocrx_word' id='word_1_26' title='bbox 365 1039 527 1121; x_wconf 90' lang='lat' dir='ltr'><strong>captum,</strong></span> <span class='ocrx_word' id='word_1_27' title='bbox 545 1033 700 1117; x_wconf 84' lang='lat' dir='ltr'><strong>suosque</strong></span> <span class='ocrx_word' id='word_1_28' title='bbox 713 1018 995 1116; x_wconf 91' lang='lat' dir='ltr'><strong>comprehensos</strong></span> <span class='ocrx_word' id='word_1_29' title='bbox 1007 1035 1042 1092; x_wconf 90' lang='lat' dir='ltr'><strong>et</strong></span> <span class='ocrx_word' id='word_1_30' title='bbox 1060 1023 1213 1093; x_wconf 90' lang='lat' dir='ltr'><strong>inermes</strong></span> <span class='ocrx_word' id='word_1_31' title='bbox 1230 1022 1341 1094; x_wconf 85' lang='lat' dir='ltr'><strong>factos</strong></span> <span class='ocrx_word' id='word_1_32' title='bbox 1354 1048 1443 1096; x_wconf 89' lang='lat' dir='ltr'><strong>asse·</strong></span> 
     </span>
     <span class='ocr_line' id='line_1_6' title="bbox 363 1134 1440 1235; baseline 0.001 -26"><span class='ocrx_word' id='word_1_33' title='bbox 363 1153 495 1210; x_wconf 90' lang='lat' dir='ltr'><strong>rerent.</strong></span> <span class='ocrx_word' id='word_1_34' title='bbox 525 1134 775 1224; x_wconf 75' lang='lat' dir='ltr'><strong>Quo&#39;audito,</strong></span> <span class='ocrx_word' id='word_1_35' title='bbox 802 1136 994 1207; x_wconf 86' lang='lat' dir='ltr'><strong>exercitum</strong></span> <span class='ocrx_word' id='word_1_36' title='bbox 1018 1160 1092 1206; x_wconf 91' lang='lat' dir='ltr'><strong>non</strong></span> <span class='ocrx_word' id='word_1_37' title='bbox 1120 1162 1224 1235; x_wconf 88' lang='lat' dir='ltr'><strong>aequo</strong></span> <span class='ocrx_word' id='word_1_38' title='bbox 1250 1136 1372 1210; x_wconf 90' lang='lat' dir='ltr'><strong>animo</strong></span> <span class='ocrx_word' id='word_1_39' title='bbox 1395 1139 1440 1210; x_wconf 90' lang='lat' dir='ltr'><strong>ad</strong></span> 
     </span>
     <span class='ocr_line' id='line_1_7' title="bbox 362 1251 1442 1349; baseline 0.001 -25"><span class='ocrx_word' id='word_1_40' title='bbox 362 1279 426 1325; x_wconf 90' lang='lat' dir='ltr'><strong>sua</strong></span> <span class='ocrx_word' id='word_1_41' title='bbox 445 1253 605 1326; x_wconf 87' lang='lat' dir='ltr'><strong>dimovit.</strong></span> <span class='ocrx_word' id='word_1_42' title='bbox 628 1252 694 1322; x_wconf 90' lang='lat' dir='ltr'><strong>Cui</strong></span> <span class='ocrx_word' id='word_1_43' title='bbox 717 1275 800 1320; x_wconf 91' lang='lat' dir='ltr'><strong>cum</strong></span> <span class='ocrx_word' id='word_1_44' title='bbox 820 1275 842 1320; x_wconf 87' lang='lat' dir='ltr'><strong>a</strong></span> <span class='ocrx_word' id='word_1_45' title='bbox 866 1251 1023 1348; x_wconf 82' lang='lat' dir='ltr'><strong>querulis</strong></span> <span class='ocrx_word' id='word_1_46' title='bbox 1046 1251 1260 1349; x_wconf 91' lang='lat' dir='ltr'><strong>quibusdam</strong></span> <span class='ocrx_word' id='word_1_47' title='bbox 1282 1251 1442 1325; x_wconf 90' lang='lat' dir='ltr'><strong>intende·</strong></span> 
     </span>
     <span class='ocr_line' id='line_1_8' title="bbox 361 1355 1440 1469; baseline 0.001 -28"><span class='ocrx_word' id='word_1_48' title='bbox 361 1371 471 1460; x_wconf 86' lang='lat' dir='ltr'><strong>retur,</strong></span> <span class='ocrx_word' id='word_1_49' title='bbox 490 1383 638 1469; x_wconf 87' lang='lat' dir='ltr'><strong>propter</strong></span> <span class='ocrx_word' id='word_1_50' title='bbox 656 1391 737 1439; x_wconf 89' lang='lat' dir='ltr'><strong>eum</strong></span> <span class='ocrx_word' id='word_1_51' title='bbox 759 1368 877 1438; x_wconf 90' lang='lat' dir='ltr'><strong>virum</strong></span> <span class='ocrx_word' id='word_1_52' title='bbox 898 1367 1147 1440; x_wconf 74' lang='lat' dir='ltr'><strong>consularem*</strong></span> <span class='ocrx_word' id='word_1_53' title='bbox 1174 1369 1368 1468; x_wconf 87' lang='lat' dir='ltr'><strong>suspendio</strong></span> <span class='ocrx_word' id='word_1_54' title='bbox 1388 1355 1440 1442; x_wconf 64' lang='lat' dir='ltr'><strong>inss</strong></span> 
     </span>
     <span class='ocr_line' id='line_1_9' title="bbox 361 1479 1439 1587; baseline 0.002 -29"><span class='ocrx_word' id='word_1_55' title='bbox 361 1489 502 1578; x_wconf 87' lang='lat' dir='ltr'><strong>terisse,</strong></span> <span class='ocrx_word' id='word_1_56' title='bbox 529 1485 611 1557; x_wconf 88' lang='lat' dir='ltr'><strong>Odo</strong></span> <span class='ocrx_word' id='word_1_57' title='bbox 639 1485 863 1585; x_wconf 90' lang='lat' dir='ltr'><strong>respondisse</strong></span> <span class='ocrx_word' id='word_1_58' title='bbox 887 1485 1016 1577; x_wconf 78' lang='lat' dir='ltr'><strong>fertur,</strong></span> <span class='ocrx_word' id='word_1_59' title='bbox 1042 1479 1118 1559; x_wconf 81' lang='lat' dir='ltr'><strong>sese</strong></span> <span class='ocrx_word' id='word_1_60' title='bbox 1148 1487 1300 1587; x_wconf 88' lang='lat' dir='ltr'><strong>amplius</strong></span> <span class='ocrx_word' id='word_1_61' title='bbox 1325 1487 1439 1560; x_wconf 88' lang='lat' dir='ltr'><strong>lesum</strong></span> 
     </span>
     <span class='ocr_line' id='line_1_10' title="bbox 361 1599 1436 1702; baseline 0.002 -28"><span class='ocrx_word' id='word_1_62' title='bbox 361 1629 508 1676; x_wconf 92' lang='lat' dir='ltr'><strong>suorum</strong></span> <span class='ocrx_word' id='word_1_63' title='bbox 527 1601 869 1700; x_wconf 84' lang='lat' dir='ltr'><strong>comprehensione,</strong></span> <span class='ocrx_word' id='word_1_64' title='bbox 892 1625 999 1700; x_wconf 90' lang='lat' dir='ltr'><strong>quam</strong></span> <span class='ocrx_word' id='word_1_65' title='bbox 1019 1599 1212 1700; x_wconf 87' lang='lat' dir='ltr'><strong>proditoris</strong></span> <span class='ocrx_word' id='word_1_66' title='bbox 1230 1602 1436 1702; x_wconf 89' lang='lat' dir='ltr'><strong>suspendio.</strong></span> 
     </span>
    </p>
   </div>
   <div class='ocr_carea' id='block_1_3' title="bbox 386 1809 1415 1900">
    <p class='ocr_par' dir='ltr' id='par_1_3' title="bbox 386 1809 1415 1900">
     <span class='ocr_line' id='line_1_11' title="bbox 386 1809 1415 1900; baseline -0.004 -1"><span class='ocrx_word' id='word_1_67' title='bbox 386 1859 388 1862; x_wconf 44' lang='lat'><strong><em>¹</em></strong></span> <span class='ocrx_word' id='word_1_68' title='bbox 469 1842 1119 1900; x_wconf 46' lang='lat' dir='ltr'><strong>mrxtx.-nm*ou0na1etru100ns*ue</strong></span> <span class='ocrx_word' id='word_1_69' title='bbox 1131 1842 1278 1896; x_wconf 67' lang='lat' dir='ltr'><strong>semna</strong></span> <span class='ocrx_word' id='word_1_70' title='bbox 1290 1843 1316 1894; x_wconf 65' lang='lat' dir='ltr'><strong>r.</strong></span> <span class='ocrx_word' id='word_1_71' title='bbox 1412 1809 1415 1818; x_wconf 80' lang='grc'><strong>’</strong></span> 
     </span>
    </p>
   </div>
   <div class='ocr_carea' id='block_1_4' title="bbox 356 2007 1438 3854">
    <p class='ocr_par' dir='ltr' id='par_1_4' title="bbox 356 2007 1438 3854">
     <span class='ocr_line' id='line_1_12' title="bbox 407 2007 1437 2106; baseline -0.004 -24"><span class='ocrx_word' id='word_1_72' title='bbox 407 2018 479 2082; x_wconf 90' lang='lat' dir='ltr'><strong>Nec</strong></span> <span class='ocrx_word' id='word_1_73' title='bbox 493 2010 607 2081; x_wconf 88' lang='lat' dir='ltr'><strong>multo</strong></span> <span class='ocrx_word' id='word_1_74' title='bbox 631 2022 712 2106; x_wconf 92' lang='lat' dir='ltr'><strong>post</strong></span> <span class='ocrx_word' id='word_1_75' title='bbox 733 2007 827 2078; x_wconf 88' lang='lat' dir='ltr'><strong>bella</strong></span> <span class='ocrx_word' id='word_1_76' title='bbox 849 2007 967 2078; x_wconf 90' lang='lat' dir='ltr'><strong>civilia</strong></span> <span class='ocrx_word' id='word_1_77' title='bbox 991 2021 1156 2106; x_wconf 87' lang='lat' dir='ltr'><strong>reparata</strong></span> <span class='ocrx_word' id='word_1_78' title='bbox 1175 2016 1273 2080; x_wconf 81' lang='lat' dir='ltr'><strong>s&#39;unt.</strong></span> <span class='ocrx_word' id='word_1_79' title='bbox 1296 2009 1437 2079; x_wconf 87' lang='lat' dir='ltr'><strong>Etenim</strong></span> 
     </span>
     <span class='ocr_line' id='line_1_13' title="bbox 357 2122 1437 2225; baseline -0.004 -26"><span class='ocrx_word' id='word_1_80' title='bbox 357 2128 466 2199; x_wconf 88' lang='lat' dir='ltr'><strong>Fulco</strong></span> <span class='ocrx_word' id='word_1_81' title='bbox 485 2126 547 2225; x_wconf 91' lang='lat' dir='ltr'><strong>qui</strong></span> <span class='ocrx_word' id='word_1_82' title='bbox 565 2148 691 2222; x_wconf 86' lang='lat' dir='ltr'><strong>regum</strong></span> <span class='ocrx_word' id='word_1_83' title='bbox 707 2124 867 2222; x_wconf 89' lang='lat' dir='ltr'><strong>partibus</strong></span> <span class='ocrx_word' id='word_1_84' title='bbox 885 2122 1046 2213; x_wconf 87' lang='lat' dir='ltr'><strong>favebat,</strong></span> <span class='ocrx_word' id='word_1_85' title='bbox 1069 2124 1264 2195; x_wconf 85' lang='lat' dir='ltr'><strong>exercitum</strong></span> <span class='ocrx_word' id='word_1_86' title='bbox 1280 2124 1317 2194; x_wconf 91' lang='lat' dir='ltr'><strong>in</strong></span> <span class='ocrx_word' id='word_1_87' title='bbox 1338 2125 1437 2195; x_wconf 90' lang='lat' dir='ltr'><strong>Odo-</strong></span> 
     </span>
     <span class='ocr_line' id='line_1_14' title="bbox 357 2241 1438 2344; baseline -0.004 -27"><span class='ocrx_word' id='word_1_88' title='bbox 357 2271 442 2318; x_wconf 90' lang='lat' dir='ltr'><strong>nem</strong></span> <span class='ocrx_word' id='word_1_89' title='bbox 454 2242 614 2344; x_wconf 83' lang='lat' dir='ltr'><strong>parabat,</strong></span> <span class='ocrx_word' id='word_1_90' title='bbox 629 2241 839 2338; x_wconf 87' lang='lat' dir='ltr'><strong>quaesiturus</strong></span> <span class='ocrx_word' id='word_1_91' title='bbox 852 2241 897 2312; x_wconf 84' lang='lat' dir='ltr'><strong>ab</strong></span> <span class='ocrx_word' id='word_1_92' title='bbox 911 2266 954 2312; x_wconf 93' lang='lat' dir='ltr'><strong>eo</strong></span> <span class='ocrx_word' id='word_1_93' title='bbox 965 2241 1153 2313; x_wconf 71' lang='lat' dir='ltr'><strong>Britannice</strong></span> <span class='ocrx_word' id='word_1_94' title='bbox 1165 2257 1315 2339; x_wconf 89' lang='lat' dir='ltr'><strong>partem,</strong></span> <span class='ocrx_word' id='word_1_95' title='bbox 1329 2267 1438 2340; x_wconf 87' lang='lat' dir='ltr'><strong>quam</strong></span> 
     </span>
     <span class='ocr_line' id='line_1_15' title="bbox 357 2356 1438 2457; baseline -0.005 -23"><span class='ocrx_word' id='word_1_96' title='bbox 357 2387 431 2434; x_wconf 90' lang='lat' dir='ltr'><strong>non</strong></span> <span class='ocrx_word' id='word_1_97' title='bbox 457 2360 571 2432; x_wconf 91' lang='lat' dir='ltr'><strong>multo</strong></span> <span class='ocrx_word' id='word_1_98' title='bbox 592 2374 674 2430; x_wconf 89' lang='lat' dir='ltr'><strong>ante</strong></span> <span class='ocrx_word' id='word_1_99' title='bbox 698 2358 731 2429; x_wconf 89' lang='lat' dir='ltr'><strong>ei</strong></span> <span class='ocrx_word' id='word_1_100' title='bbox 755 2356 958 2429; x_wconf 88' lang='lat' dir='ltr'><strong>abstulerat.</strong></span> <span class='ocrx_word' id='word_1_101' title='bbox 981 2356 1131 2455; x_wconf 84' lang='lat' dir='ltr'><strong>Collegit</strong></span> <span class='ocrx_word' id='word_1_102' title='bbox 1144 2359 1263 2456; x_wconf 87' lang='lat' dir='ltr'><strong>itaque</strong></span> <span class='ocrx_word' id='word_1_103' title='bbox 1283 2375 1438 2457; x_wconf 85' lang='lat' dir='ltr'><strong>quatuor</strong></span> 
     </span>
     <span class='ocr_line' id='line_1_16' title="bbox 357 2469 1437 2573; baseline -0.002 -24"><span class='ocrx_word' id='word_1_104' title='bbox 357 2477 472 2568; x_wconf 88' lang='lat' dir='ltr'><strong>milia,</strong></span> <span class='ocrx_word' id='word_1_105' title='bbox 490 2478 639 2573; x_wconf 93' lang='lat' dir='ltr'><strong>quinon</strong></span> <span class='ocrx_word' id='word_1_106' title='bbox 655 2473 858 2545; x_wconf 89' lang='lat' dir='ltr'><strong>comminus</strong></span> <span class='ocrx_word' id='word_1_107' title='bbox 870 2469 1123 2572; x_wconf 78' lang='lat' dir='ltr'><strong>confligerent,</strong></span> <span class='ocrx_word' id='word_1_108' title='bbox 1138 2500 1182 2547; x_wconf 94' lang='lat' dir='ltr'><strong>eo</strong></span> <span class='ocrx_word' id='word_1_109' title='bbox 1196 2476 1297 2573; x_wconf 91' lang='lat' dir='ltr'><strong>quod</strong></span> <span class='ocrx_word' id='word_1_110' title='bbox 1311 2500 1437 2548; x_wconf 90' lang='lat' dir='ltr'><strong>eorum</strong></span> 
     </span>
     <span class='ocr_line' id='line_1_17' title="bbox 356 2589 1436 2690; baseline -0.005 -22"><span class='ocrx_word' id='word_1_111' title='bbox 356 2595 448 2668; x_wconf 87' lang='lat' dir='ltr'><strong>vires</strong></span> <span class='ocrx_word' id='word_1_112' title='bbox 466 2592 604 2664; x_wconf 92' lang='lat' dir='ltr'><strong>Odonis</strong></span> <span class='ocrx_word' id='word_1_113' title='bbox 621 2590 789 2690; x_wconf 85' lang='lat' dir='ltr'><strong>potentiae</strong></span> <span class='ocrx_word' id='word_1_114' title='bbox 806 2611 881 2661; x_wconf 90' lang='lat' dir='ltr'><strong>non</strong></span> <span class='ocrx_word' id='word_1_115' title='bbox 896 2589 1098 2664; x_wconf 85' lang='lat' dir='ltr'><strong>sufficerent</strong></span> <span class='ocrx_word' id='word_1_116' title='bbox 1110 2647 1121 2682; x_wconf 97' lang='lat'><strong>,</strong></span> <span class='ocrx_word' id='word_1_117' title='bbox 1135 2592 1200 2664; x_wconf 91' lang='lat' dir='ltr'><strong>sed</strong></span> <span class='ocrx_word' id='word_1_118' title='bbox 1218 2593 1294 2688; x_wconf 89' lang='lat' dir='ltr'><strong>ejus</strong></span> <span class='ocrx_word' id='word_1_119' title='bbox 1306 2607 1436 2664; x_wconf 92' lang='lat' dir='ltr'><strong>terram</strong></span> 
     </span>
     <span class='ocr_line' id='line_1_18' title="bbox 357 2696 1436 2809; baseline -0.003 -25"><span class='ocrx_word' id='word_1_120' title='bbox 357 2709 531 2784; x_wconf 90' lang='lat' dir='ltr'><strong>incendiis</strong></span> <span class='ocrx_word' id='word_1_121' title='bbox 549 2723 584 2781; x_wconf 91' lang='lat' dir='ltr'><strong>et</strong></span> <span class='ocrx_word' id='word_1_122' title='bbox 601 2696 734 2809; x_wconf 85' lang='lat' dir='ltr'><strong>rapinis</strong></span> <span class='ocrx_word' id='word_1_123' title='bbox 748 2701 942 2780; x_wconf 79' lang='lat' dir='ltr'><strong>afficerent.</strong></span> <span class='ocrx_word' id='word_1_124' title='bbox 966 2712 1011 2779; x_wconf 86' lang='lat' dir='ltr'><strong>Et</strong></span> <span class='ocrx_word' id='word_1_125' title='bbox 1029 2710 1153 2781; x_wconf 88' lang='lat' dir='ltr'><strong>tandiu</strong></span> <span class='ocrx_word' id='word_1_126' title='bbox 1174 2710 1212 2781; x_wconf 92' lang='lat' dir='ltr'><strong>id</strong></span> <span class='ocrx_word' id='word_1_127' title='bbox 1232 2709 1436 2781; x_wconf 87' lang='lat' dir='ltr'><strong>faciendum</strong></span> 
     </span>
     <span class='ocr_line' id='line_1_19' title="bbox 357 2806 1437 2919; baseline 0 -19"><span class='ocrx_word' id='word_1_128' title='bbox 357 2806 605 2915; x_wconf 78' lang='lat' dir='ltr'><strong>arbitrabatur,</strong></span> <span class='ocrx_word' id='word_1_129' title='bbox 623 2826 740 2896; x_wconf 89' lang='lat' dir='ltr'><strong>donec</strong></span> <span class='ocrx_word' id='word_1_130' title='bbox 759 2825 841 2896; x_wconf 92' lang='lat' dir='ltr'><strong>Odo</strong></span> <span class='ocrx_word' id='word_1_131' title='bbox 860 2839 922 2898; x_wconf 81' lang='lat' dir='ltr'><strong>aut</strong></span> <span class='ocrx_word' id='word_1_132' title='bbox 938 2825 1036 2899; x_wconf 91' lang='lat' dir='ltr'><strong>tedio</strong></span> <span class='ocrx_word' id='word_1_133' title='bbox 1049 2827 1164 2898; x_wconf 90' lang='lat' dir='ltr'><strong>victus</strong></span> <span class='ocrx_word' id='word_1_134' title='bbox 1177 2827 1361 2919; x_wconf 91' lang='lat' dir='ltr'><strong>redderet,</strong></span> <span class='ocrx_word' id='word_1_135' title='bbox 1377 2844 1437 2900; x_wconf 93' lang='lat' dir='ltr'><strong>aut</strong></span> 
     </span>
     <span class='ocr_line' id='line_1_20' title="bbox 356 2939 1437 3042; baseline -0.001 -28"><span class='ocrx_word' id='word_1_136' title='bbox 356 2968 424 3042; x_wconf 93' lang='lat' dir='ltr'><strong>pro</strong></span> <span class='ocrx_word' id='word_1_137' title='bbox 443 2966 486 3013; x_wconf 89' lang='lat' dir='ltr'><strong>ea</strong></span> <span class='ocrx_word' id='word_1_138' title='bbox 504 2939 610 3012; x_wconf 86' lang='lat' dir='ltr'><strong>aliam</strong></span> <span class='ocrx_word' id='word_1_139' title='bbox 627 2964 701 3010; x_wconf 92' lang='lat' dir='ltr'><strong>non</strong></span> <span class='ocrx_word' id='word_1_140' title='bbox 720 2939 882 3038; x_wconf 87' lang='lat' dir='ltr'><strong>inparem</strong></span> <span class='ocrx_word' id='word_1_141' title='bbox 901 2942 1077 3013; x_wconf 79' lang='lat' dir='ltr'><strong>conferret</strong></span> <span class='ocrx_word' id='word_1_142' title='bbox 1092 2941 1121 3012; x_wconf 81' lang='lat'><strong>².</strong></span> <span class='ocrx_word' id='word_1_143' title='bbox 1143 2947 1295 3040; x_wconf 89' lang='lat' dir='ltr'><strong>Preceps</strong></span> <span class='ocrx_word' id='word_1_144' title='bbox 1319 2943 1437 3040; x_wconf 85' lang='lat' dir='ltr'><strong>itaque</strong></span> 
     </span>
     <span class='ocr_line' id='line_1_21' title="bbox 358 3053 1436 3152; baseline -0.002 -24"><span class='ocrx_word' id='word_1_145' title='bbox 358 3057 481 3144; x_wconf 79' lang='lat' dir='ltr'><strong>fertur,</strong></span> <span class='ocrx_word' id='word_1_146' title='bbox 517 3069 721 3151; x_wconf 87' lang='lat' dir='ltr'><strong>terramque</strong></span> <span class='ocrx_word' id='word_1_147' title='bbox 755 3053 902 3152; x_wconf 60' lang='lat' dir='ltr'><strong>praedis,</strong></span> <span class='ocrx_word' id='word_1_148' title='bbox 941 3055 1139 3148; x_wconf 81' lang='lat' dir='ltr'><strong>manubiis,</strong></span> <span class='ocrx_word' id='word_1_149' title='bbox 1178 3056 1436 3128; x_wconf 83' lang='lat' dir='ltr'><strong>combustioni·</strong></span> 
     </span>
     <span class='ocr_line' id='line_1_22' title="bbox 356 3168 1436 3270; baseline -0.001 -25"><span class='ocrx_word' id='word_1_150' title='bbox 356 3172 496 3268; x_wconf 91' lang='lat' dir='ltr'><strong>busque</strong></span> <span class='ocrx_word' id='word_1_151' title='bbox 509 3168 624 3262; x_wconf 81' lang='lat' dir='ltr'><strong>affecit</strong></span> <span class='ocrx_word' id='word_1_152' title='bbox 639 3170 667 3241; x_wconf 83' lang='lat'><strong>³.</strong></span> <span class='ocrx_word' id='word_1_153' title='bbox 685 3175 824 3242; x_wconf 87' lang='lat' dir='ltr'><strong>Etcum</strong></span> <span class='ocrx_word' id='word_1_154' title='bbox 843 3172 939 3270; x_wconf 90' lang='lat' dir='ltr'><strong>apud</strong></span> <span class='ocrx_word' id='word_1_155' title='bbox 954 3171 1118 3248; x_wconf 73' lang='lat' dir='ltr'><strong>Blesum*</strong></span> <span class='ocrx_word' id='word_1_156' title='bbox 1136 3172 1215 3245; x_wconf 89' lang='lat' dir='ltr'><strong>loca</strong></span> <span class='ocrx_word' id='word_1_157' title='bbox 1232 3172 1436 3245; x_wconf 89' lang='lat' dir='ltr'><strong>suburbana</strong></span> 
     </span>
     <span class='ocr_line' id='line_1_23' title="bbox 358 3286 1436 3386; baseline -0.004 -24"><span class='ocrx_word' id='word_1_158' title='bbox 358 3288 591 3362; x_wconf 90' lang='lat' dir='ltr'><strong>succenderet</strong></span> <span class='ocrx_word' id='word_1_159' title='bbox 603 3343 613 3379; x_wconf 95' lang='lat'><strong>,</strong></span> <span class='ocrx_word' id='word_1_160' title='bbox 630 3286 804 3359; x_wconf 90' lang='lat' dir='ltr'><strong>incendiis</strong></span> <span class='ocrx_word' id='word_1_161' title='bbox 817 3313 904 3358; x_wconf 90' lang='lat' dir='ltr'><strong>aura</strong></span> <span class='ocrx_word' id='word_1_162' title='bbox 917 3288 1025 3359; x_wconf 87' lang='lat' dir='ltr'><strong>flante</strong></span> <span class='ocrx_word' id='word_1_163' title='bbox 1035 3290 1315 3386; x_wconf 88' lang='lat' dir='ltr'><strong>circumquaque</strong></span> <span class='ocrx_word' id='word_1_164' title='bbox 1322 3313 1436 3361; x_wconf 90' lang='lat' dir='ltr'><strong>erum·</strong></span> 
     </span>
     <span class='ocr_line' id='line_1_24' title="bbox 356 3407 1435 3512; baseline -0.004 -28"><span class='ocrx_word' id='word_1_165' title='bbox 356 3409 543 3512; x_wconf 86' lang='lat' dir='ltr'><strong>pentibus,</strong></span> <span class='ocrx_word' id='word_1_166' title='bbox 558 3410 595 3482; x_wconf 92' lang='lat' dir='ltr'><strong>in</strong></span> <span class='ocrx_word' id='word_1_167' title='bbox 606 3407 813 3480; x_wconf 87' lang='lat' dir='ltr'><strong>coenobium</strong></span> <span class='ocrx_word' id='word_1_168' title='bbox 826 3409 1090 3481; x_wconf 88' lang='lat' dir='ltr'><strong>monachorum</strong></span> <span class='ocrx_word' id='word_1_169' title='bbox 1101 3411 1214 3498; x_wconf 84' lang='lat' dir='ltr'><strong>sancti</strong></span> <span class='ocrx_word' id='word_1_170' title='bbox 1224 3409 1435 3482; x_wconf 79' lang='lat' dir='ltr'><strong>confessoris</strong></span> 
     </span>
     <span class='ocr_line' id='line_1_25' title="bbox 356 3522 1434 3623; baseline -0.004 -25"><span class='ocrx_word' id='word_1_171' title='bbox 356 3525 573 3598; x_wconf 88' lang='lat' dir='ltr'><strong>Laudomari</strong></span> <span class='ocrx_word' id='word_1_172' title='bbox 594 3524 683 3621; x_wconf 83' lang='lat' dir='ltr'><strong>ignis</strong></span> <span class='ocrx_word' id='word_1_173' title='bbox 705 3522 881 3622; x_wconf 89' lang='lat' dir='ltr'><strong>plurimus</strong></span> <span class='ocrx_word' id='word_1_174' title='bbox 905 3524 1077 3612; x_wconf 83' lang='lat' dir='ltr'><strong>evolavit3</strong></span> <span class='ocrx_word' id='word_1_175' title='bbox 1104 3525 1205 3623; x_wconf 88' lang='lat' dir='ltr'><strong>quod</strong></span> <span class='ocrx_word' id='word_1_176' title='bbox 1227 3550 1312 3596; x_wconf 85' lang='lat' dir='ltr'><strong>mox</strong></span> <span class='ocrx_word' id='word_1_177' title='bbox 1337 3549 1434 3595; x_wconf 92' lang='lat' dir='ltr'><strong>com·</strong></span> 
     </span>
     <span class='ocr_line' id='line_1_26' title="bbox 356 3638 1435 3738; baseline -0.006 -23"><span class='ocrx_word' id='word_1_178' title='bbox 356 3641 503 3714; x_wconf 89' lang='lat' dir='ltr'><strong>bustum</strong></span> <span class='ocrx_word' id='word_1_179' title='bbox 524 3638 684 3712; x_wconf 89' lang='lat' dir='ltr'><strong>dirutum</strong></span> <span class='ocrx_word' id='word_1_180' title='bbox 710 3639 795 3728; x_wconf 78' lang='lat' dir='ltr'><strong>fuit5</strong></span> <span class='ocrx_word' id='word_1_181' title='bbox 822 3638 894 3710; x_wconf 91' lang='lat' dir='ltr'><strong>cibi</strong></span> <span class='ocrx_word' id='word_1_182' title='bbox 919 3664 1064 3738; x_wconf 91' lang='lat' dir='ltr'><strong>quoque</strong></span> <span class='ocrx_word' id='word_1_183' title='bbox 1087 3640 1302 3738; x_wconf 89' lang='lat' dir='ltr'><strong>consumpti.</strong></span> <span class='ocrx_word' id='word_1_184' title='bbox 1333 3639 1435 3710; x_wconf 90' lang='lat' dir='ltr'><strong>Unde</strong></span> 
     </span>
     <span class='ocr_line' id='line_1_27' title="bbox 358 3755 1432 3854; baseline -0.006 -23"><span class='ocrx_word' id='word_1_185' title='bbox 358 3783 426 3832; x_wconf 90' lang='lat' dir='ltr'><strong>nec</strong></span> <span class='ocrx_word' id='word_1_186' title='bbox 451 3755 715 3829; x_wconf 90' lang='lat' dir='ltr'><strong>monachorum</strong></span> <span class='ocrx_word' id='word_1_187' title='bbox 740 3757 903 3852; x_wconf 83' lang='lat' dir='ltr'><strong>migratio</strong></span> <span class='ocrx_word' id='word_1_188' title='bbox 930 3757 1053 3830; x_wconf 87' lang='lat' dir='ltr'><strong>defuit.</strong></span> <span class='ocrx_word' id='word_1_189' title='bbox 1083 3761 1145 3828; x_wconf 92' lang='lat' dir='ltr'><strong>His</strong></span> <span class='ocrx_word' id='word_1_190' title='bbox 1169 3757 1360 3854; x_wconf 80' lang='lat' dir='ltr'><strong>exemptis,</strong></span> <span class='ocrx_word' id='word_1_191' title='bbox 1397 3756 1432 3826; x_wconf 86' lang='lat' dir='ltr'><strong>in</strong></span> 
     </span>
    </p>
   </div>
   <div class='ocr_carea' id='block_1_5' title="bbox 389 3969 788 4374">
    <p class='ocr_par' dir='ltr' id='par_1_5' title="bbox 391 3969 788 4118">
     <span class='ocr_line' id='line_1_28' title="bbox 391 3969 788 4039; baseline -0.01 -12"><span class='ocrx_word' id='word_1_192' title='bbox 391 3974 407 4006; x_wconf 65' lang='lat'><strong>&#39;⁸&#39;</strong></span> <span class='ocrx_word' id='word_1_193' title='bbox 425 3992 459 4039; x_wconf 89' lang='lat' dir='ltr'><strong>a,</strong></span> <span class='ocrx_word' id='word_1_194' title='bbox 473 3971 612 4036; x_wconf 78' lang='lat' dir='ltr'><strong>Fulconis,</strong></span> <span class='ocrx_word' id='word_1_195' title='bbox 626 3983 671 4024; x_wconf 85' lang='lat' dir='ltr'><strong>tan</strong></span> <span class='ocrx_word' id='word_1_196' title='bbox 683 3969 788 4023; x_wconf 77' lang='lat' dir='ltr'><strong>abscisa.</strong></span> 
     </span>
     <span class='ocr_line' id='line_1_29' title="bbox 393 4051 569 4118; baseline 0.006 -2"><span class='ocrx_word' id='word_1_197' title='bbox 393 4068 400 4097; x_wconf 80' lang='lat'><strong>¹</strong></span> <span class='ocrx_word' id='word_1_198' title='bbox 420 4051 468 4118; x_wconf 67' lang='lat' dir='ltr'><strong>V‘C</strong></span> <span class='ocrx_word' id='word_1_199' title='bbox 482 4064 569 4117; x_wconf 70' lang='lat' dir='ltr'><strong>codex.</strong></span> 
     </span>
    </p>

    <p class='ocr_par' dir='ltr' id='par_1_6' title="bbox 389 4145 770 4303">
     <span class='ocr_line' id='line_1_30' title="bbox 389 4145 770 4201; baseline -0.01 0"><span class='ocrx_word' id='word_1_200' title='bbox 389 4151 401 4181; x_wconf 82' lang='lat'><strong>¹</strong></span> <span class='ocrx_word' id='word_1_201' title='bbox 419 4146 540 4201; x_wconf 82' lang='lat' dir='ltr'><strong>redderet</strong></span> <span class='ocrx_word' id='word_1_202' title='bbox 552 4166 616 4200; x_wconf 84' lang='lat' dir='ltr'><strong>corr.</strong></span> <span class='ocrx_word' id='word_1_203' title='bbox 629 4145 770 4198; x_wconf 69' lang='lat' dir='ltr'><strong>conferret.</strong></span> 
     </span>
     <span class='ocr_line' id='line_1_31' title="bbox 391 4230 719 4303; baseline -0.006 -19"><span class='ocrx_word' id='word_1_204' title='bbox 391 4234 403 4265; x_wconf 75' lang='lat'>⁵</span> <span class='ocrx_word' id='word_1_205' title='bbox 420 4232 534 4303; x_wconf 85' lang='lat' dir='ltr'><strong>pereutit</strong></span> <span class='ocrx_word' id='word_1_206' title='bbox 545 4251 608 4283; x_wconf 85' lang='lat' dir='ltr'><strong>corr.</strong></span> <span class='ocrx_word' id='word_1_207' title='bbox 621 4230 719 4284; x_wconf 76' lang='lat' dir='ltr'><strong>affecit.</strong></span> 
     </span>
    </p>

    <p class='ocr_par' dir='ltr' id='par_1_7' title="bbox 391 4314 707 4374">
     <span class='ocr_line' id='line_1_32' title="bbox 391 4314 707 4374; baseline -0.006 -6"><span class='ocrx_word' id='word_1_208' title='bbox 391 4316 404 4348; x_wconf 78' lang='lat'>⁴</span> <span class='ocrx_word' id='word_1_209' title='bbox 421 4317 448 4372; x_wconf 89' lang='lat' dir='ltr'><strong>b.</strong></span> <span class='ocrx_word' id='word_1_210' title='bbox 463 4327 576 4368; x_wconf 82' lang='lat' dir='ltr'><strong>castrum</strong></span> <span class='ocrx_word' id='word_1_211' title='bbox 593 4314 707 4374; x_wconf 77' lang='lat' dir='ltr'><strong>deletura.</strong></span> 
     </span>
    </p>
   </div>
   <div class='ocr_carea' id='block_1_6' title="bbox 0 0 1666 5298">
    <p class='ocr_par' dir='ltr' id='par_1_8' title="bbox 0 0 1666 5298">
     <span class='ocr_line' id='line_1_33' title="bbox 0 0 1666 5298; baseline 0 2"><span class='ocrx_word' id='word_1_212' title='bbox 0 0 1666 5298; x_wconf 95' lang='lat' dir='ltr'><strong> </strong></span> 
     </span>
    </p>
   </div>
  </div>
 </body>
</html>
