3320 5296
350 543 414 604 are
714 537 1060 606 lthHElttttR.1V.
1119 611 1123 630 ἡ

349 675 506 772 arripere
535 672 707 773 disposui.
728 675 914 772 Digressus
943 691 1082 768 autem,
1103 674 1150 746 ab
1167 673 1321 748 abbate*
1344 665 1427 752 meo

349 791 457 862 unius
492 804 632 863 tantum
666 793 874 892 parvaredi
891 793 1058 868 solatium
1088 795 1221 892 accepi.
1260 789 1429 866 ‘Nuinmis

347 907 476 999 etiam,
508 905 737 1000 mutatoriis,
766 911 998 1009 ceterisque²
1031 910 1238 984 necessariis
1269 935 1425 1000 vacuus,

349 1023 540 1098 Orbatium
574 1027 745 1124 perveni,
776 1027 898 1098 locum
918 1028 1042 1100 ‘multa
1076 1029 1220 1100 caritate
1251 1027 1426 1101 inclitum.

347 1139 472 1240 Ibique
497 1142 624 1216 domni
643 1141 781 1215 abbatis
793 1147 845 1214 D.
867 1142 1050 1242 colloquio
1077 1157 1277 1234 recreatus,
1306 1144 1430 1217 simul·-

349 1285 420 1357 quc
433 1258 724 1333 etmunifrcentia
737 1275 973 1352 sustentatus,
993 1261 1031 1333 in
1051 1260 1205 1332 crastino
1223 1259 1291 1331 iter
1315 1273 1429 1359 usque

349 1376 496 1449 Meldim
513 1378 758 1476 peragendum
776 1379 923 1477 arripui.
950 1383 1131 1475 Ingressus
1142 1399 1229 1448 vero
1241 1401 1325 1451 cum
1338 1378 1429 1451 duo·

349 1491 418 1566 bus
436 1495 628 1570 comitibus
645 1495 811 1566 lucorum
829 1494 1027 1586 anfractus,
1053 1519 1129 1566 non
1148 1492 1292 1566 defuere
1316 1493 1429 1567 infor-

342 1610 442 1682 ·tunii
472 1636 587 1684 casus.
627 1617 717 1683 Nam
758 1611 960 1684 fallentibus
992 1611 1117 1701 biviis,
1152 1635 1213 1681 sex
1243 1610 1430 1714 leugarum

350 1727 594 1826 superfluitate
632 1727 923 1800 exorbitavimus.
962 1729 1180 1801 Transmisso
1218 1754 1304 1803 vero
1338 1735 1429 1810 Teo-

350 1844 465 1947 dorici
480 1844 644 1936 castello,
660 1844 879 1943 parvaredus
892 1861 974 1918 ante
988 1847 1083 1942 visps
1096 1847 1331 1946 Bucephalus,
1352 1847 1430 1919 fieri

350 1961 459 2060 coepit
476 1961 584 2034 asello
603 1959 853 2034 tardiusculus.
874 1965 953 2032 Jam
971 1960 1025 2034 sol
1045 1987 1067 2032 a
1084 1959 1327 2035 mesembrino
1352 1961 1430 2032 dis-

349 2091 523 2176 cesserat,
541 2079 690 2174 totoque
702 2101 784 2148 aere
797 2077 835 2147 in
848 2076 987 2175 pluvias
1002 2077 1195 2172 dissoluto,
1210 2082 1248 2153 in
1260 2103 1429 2152 occasum

350 2194 535 2292 vergebat,
556 2219 640 2265 cum
658 2193 757 2266 fortis
783 2193 842 2265 ille
861 2193 1083 2294 Bucephalus
1109 2220 1279 2296 supremo
1305 2193 1429 2270 labore

351 2312 484 2403 victus,
505 2311 599 2382 inter
617 2309 754 2381 femora
767 2309 953 2382 insidentis
969 2311 1073 2409 pueri
1092 2307 1262 2385 deficiens
1277 2311 1425 2401 corruit,

351 2443 387 2508 et
403 2427 502 2511 velut
518 2426 656 2525 fulgure
669 2427 857 2526 trajectus,
879 2427 1006 2500 sexto⁸
1027 2429 1180 2502 mibario
1199 2428 1245 2501 ab
1262 2428 1353 2500 urbe
1370 2453 1429 2499 ex·

352 2546 509 2646 spiravit.
527 2548 670 2632 Quanta
683 2551 769 2615 tunc
780 2544 846 2616 fuit
858 2543 1092 2643 perturbatio,
1109 2560 1242 2644 quanta
1255 2546 1426 2635 anxietas,

351 2662 404 2734 illi
433 2662 657 2762 perpendere
678 2661 824 2752 valent,
857 2663 920 2758 qui
948 2687 1050 2735 casus
1081 2663 1212 2736 similes
1235 2661 1429 2759 aliquando

335 2780 512 2879 -perpessi
535 2793 637 2868 sunt,
664 2791 701 2848 et
724 2801 768 2848 ex
786 2777 959 2850 similibus
982 2778 1110 2852 similia
1129 2779 1310 2877 colligant.
1336 2783 1430 2852 Puer

352 2896 558 2995 inexpertus
575 2895 666 2966 tanti
678 2893 814 2966 itineris
825 2893 1091 2987 difficultatem,
1112 2894 1223 2968 fessus
1245 2905 1322 2969 ¹toto
1350 2920 1430 2968 cor·

352 3036 442 3112 pore
460 3036 554 3109 equo
572 3011 704 3106 amisso
721 3011 874 3106 jacebat.
904 3012 1165 3110 Impedimenta
1188 3015 1265 3086 sine
1286 3028 1434 3086 vectore

371 3128 513 3204 derant.
538 3128 675 3201 Imbres
692 3128 803 3200 nimia
825 3129 1003 3201 infusione
1021 3130 1184 3203 ruebant.
1206 3130 1345 3204 Coelum
1363 3155 1430 3203 nu·

351 3245 425 3318 bila
437 3245 691 3345 praetendebat.
709 3244 783 3338 Sol,
796 3246 872 3342 jam
885 3248 922 3317 in
943 3272 1090 3340 occasu,
1111 3248 1314 3321 minabatur
1332 3263 1430 3322 tene·

352 3363 448 3435 bras.
469 3361 654 3435 Interhaec
666 3363 805 3454 omnia,
826 3362 1003 3436 dubitanti
1020 3351 1211 3436 consilinm
1228 3355 1338 3454 aDeo
1351 3389 1427 3438 non

354 3479 477 3552 deluit.
487 3514 489 3517 ·
500 3484 655 3552 Puerum
669 3487 826 3577 namque
839 3506 924 3553 cum
936 3481 1202 3579 impedimentis
1217 3482 1267 3554 ibi
1280 3481 1425 3581 reliqui,

261 3596 264 3603 '
353 3591 559 3693 dictatoque
584 3597 617 3668 ei
643 3593 733 3695 quid
756 3597 992 3695 interrogatus
1019 3623 1041 3670 a
1070 3597 1336 3672 transeuntibus
1357 3625 1429 3672 res·

353 3709 543 3813 ponderet,
557 3725 592 3785 et
601 3728 641 3789 ut
658 3727 787 3787 somno
799 3715 1002 3787 imminenti
1014 3715 1204 3806 resisteret,
1218 3714 1296 3787 solo
1310 3716 1429 3813 equite

354 3831 550 3902 Carnotino
576 3815 788 3924 comitatus,
808 3831 955 3905 Meldim
977 3835 1138 3932 perveni.
1168 3823 1321 3905 Pontem
1339 3858 1429 3931 quo·

354 3972 424 4044 que
441 3944 501 4018 v'ix
516 3946 563 4019 dc
581 3945 662 4019 luce
673 3947 820 4041 videns,
840 3949 1036 4048 ingredior.
1058 3955 1103 4022 Et
1118 3948 1207 4023 dum
1226 3949 1428 4049 diligentius

389 4147 398 4177 ¹
418 4131 444 4198 a
459 4131 496 4198 ἦ.
509 4147 597 4200 codes.

387 4229 568 4301 'cetariisque
590 4231 678 4286 codor.

388 4313 399 4342 ³
416 4311 494 4365 tertio
507 4331 570 4367 corr.
583 4315 653 4368 vla.
