3308 5286
347 471 389 534 60
709 467 876 528 utcultut
898 467 973 528 tle.
999 465 1058 526 ΙΙΙ.

379 645 455 707 t111.
468 684 505 696 -
517 655 581 708 Aliae
594 656 611 691 ¹*
630 655 881 728 speraecompositio
895 655 912 691 *
930 655 1010 727 signis
1023 654 1240 726 cognoscendis*
1257 654 1355 708 idonea
1367 657 1394 708 *.

396 798 492 871 Fecit
508 814 635 899 praeter
654 800 731 873 heec
748 825 890 905 speram
911 801 1060 873 alteram
1082 798 1306 892 circularem,
1330 801 1424 872 intra

346 935 457 1014 quam
476 915 628 990 circulos
647 917 794 1016 quidem
808 943 883 989 non
898 917 1098 1008 collocavit,
1115 917 1177 989 sed
1191 917 1346 1016 desuper
1357 917 1425 989 fer·

347 1034 416 1106 reis
445 1049 551 1134 atque
581 1037 680 1108 aereis
711 1035 779 1107 filis
805 1037 990 1131 signorum
1020 1034 1151 1130 figuras
1181 1032 1419 1132 complicavit.

346 1151 798 1254 Axisqueloco,·fis't1dam
817 1152 973 1248 trajecit,
1002 1176 1067 1251 per
1087 1175 1196 1248 quam
1218 1151 1324 1250 polus
1352 1176 1423 1222 coe·

261 1291 264 1298 ⁴
344 1247 443 1367 lestis
473 1277 688 1359 notaretur,
726 1284 773 1339 ut*
809 1294 852 1339 eo
888 1272 1100 1366 perspecto,
1140 1267 1306 1338 nrachina
1332 1267 1423 1344 coelo

346 1397 540 1482 aptaretur.
557 1385 661 1457 Unde
672 1400 707 1457 et
723 1386 933 1475 factumest,
950 1399 990 1455 ut
1006 1384 1228 1481 singulorum
1242 1386 1426 1481 signorum

346 1499 470 1590 stellae,
495 1500 641 1598 singulis
657 1501 765 1597 hujus
787 1481 898 1598 spe'rae
916 1501 1023 1597 signis
1045 1499 1319 1580 clauderentur„
1333 1500 1426 1572 lllud

345 1601 491 1712 quoque
509 1617 547 1687 in
566 1615 634 1688 hac
650 1617 813 1710 divinum
830 1617 913 1710 fuit,
935 1617 1036 1716 quod
1062 1643 1147 1689 oum
1167 1617 1293 1718 aliquis
1313 1633 1426 1689 artem

346 1725 541 1828 ignoraret,
576 1735 607 1806 si
631 1760 745 1806 unum
769 1736 803 1835 ei
831 1737 973 1832 signum
1002 1733 1289 1805 demonstratum
1314 1735 1424 1824 foret,

346 1845 481 1944 absque
495 1839 663 1947 magistro
688 1865 806 1922 cetera
820 1876 887 1950 per
904 1875 1048 1948 speram
1068 1864 1312 1948 cognosceret.
1336 1851 1427 1925 Inde

346 1947 454 2034 etiam
463 1956 557 2057 suos]
565 1965 756 2060 liberaliter
777 1969 952 2038 iustruxit.
978 1972 1092 2064 Atque
1111 1967 1188 2061 haec
1216 1982 1367 2048 actenus-¹
1381 1966 1435 2060 de*

346 2069 575 2153 astronomia.
1294 2108 1297 2114 '

395 2196 397 2202 ¹
525 2274 526 2278 Ἰ
647 2193 771 2261 ΙιΝμέ
782 2207 965 2267 confectio*
980 2207 1056 2262 abaci
1066 2208 1108 2261 Η.
1225 2178 1229 2187 ι
1303 2271 1306 2278 ,
1426 2183 1429 2196 ¹

397 2347 438 2417 ln
451 2348 646 2442 geometria
658 2350 767 2420 vero*
792 2374 867 2420 uon
886 2350 1007 2424 minor
1019 2351 1057 2419 in
1072 2349 1239 2424 docendo
1251 2348 1354 2421 labor
1371 2373 1427 2420 ex·

347 2487 481 2564 pensus
495 2469 560 2535 est.
577 2465 686 2561 Cujus
701 2466 977 2558 introductioni,
999 2466 1169 2558 abacum,
1192 2466 1230 2537 id
1251 2481 1305 2538 est
1326 2465 1427 2538 tabu·

348 2571 420 2666 lam
434 2580 717 2656 dimensionibus
736 2595 874 2682 aptam,
892 2609 1002 2682 opere
1015 2584 1163 2655 s'cutarii
1176 2583 1302 2654 effecit.
1318 2583 1427 2679 Cujus

237 2693 239 2702 '
348 2694 582 2793 longitudini,
600 2700 638 2770 in
653 2699 793 2798 septem
808 2717 844 2772 et
860 2702 984 2798 viginti
996 2694 1156 2799 partibus
1169 2699 1341 2791 diductae,
1363 2724 1428 2771 no·

348 2818 430 2884 vem
449 2817 602 2886 n'umero
616 2831 719 2887 notas
733 2842 880 2889 omnem
898 2797 1090 2898 numerum
1107 2815 1343 2912 significantes
1362 2816 1430 2888 dis·

348 2931 479 3026 posuit.
500 2930 554 3001 Ad
572 2955 726 3028 quarum
744 2935 851 3015 etiam
864 2933 1144 3024 similitudinem,
1161 2927 1258 3003 mille
1276 2957 1428 3004 corneos

348 3042 464 3115 effecit
484 3061 699 3137 caracteres,
716 3043 777 3147 qui
791 3074 855 3151 per
875 3051 1012 3148 septem
1031 3064 1067 3120 et
1085 3050 1210 3156 ¹viginti
1228 3048 1328 3122 abaci
1348 3072 1428 3147 par·

347 3174 401 3233 tes
427 3163 600 3254 mutuati,
625 3163 797 3262 cujusque
824 3167 965 3237 numeri
992 3159 1325 3264 multiplicationem
1355 3167 1427 3241 sive

349 3278 562 3354 divisionem
598 3280 842 3378 designareut3
882 3296 982 3354 tanto
1013 3260 1231 3380 compendio
1258 3267 1427 3360 numero·

348 3419 431 3466 rum
453 3396 720 3470 multitudinem
745 3398 944 3471 dividentes
974 3397 1031 3470 vel
1062 3379 1357 3495 multiplicantes,
1378 3395 1428 3470 'ut

349 3523 423 3612 prae
444 3515 554 3611 nimia
578 3514 837 3622 numerositate¹
858 3516 977 3614 potius
1006 3515 1153 3612 intelligi
1178 3540 1288 3613 quam
1311 3515 1428 3627 verbis

350 3628 508 3706 valerent
536 3632 689 3704 ostendi.
720 3636 885 3720 Quorum
910 3627 1093 3705 scientiam
1120 3633 1184 3730 qui
1205 3632 1252 3704 ad
1281 3625 1430 3730 plenum

350 3747 440 3818 scire
462 3747 657 3838 desiderat,
678 3748 773 3846 legat
792 3749 867 3846 ejus
885 3747 1017 3846 librum
1041 3775 1151 3847 quem
1167 3745 1287 3830 scribit
1311 3748 1357 3820 ad
1383 3754 1442 3821 Cf

387 3965 403 4000 ³*
422 3965 490 4031 Alia,
508 3983 603 4036 comp,
620 3983 706 4036 cogn,
725 3964 771 4018 ido
787 3959 892 4017 abscisa.
972 3989 973 3996 ¹

385 4049 418 4086 *l*
432 4050 527 4116 Conse,
543 4051 568 4104 ci
582 4045 688 4102 abscisa.

389 4142 397 4172 ¹
415 4159 478 4194 vero
489 4141 533 4193 cui
544 4140 612 4193 nihil
625 4152 686 4192 ante
700 4138 791 4192 Galliae
807 4139 935 4212 scriptum
951 4139 1095 4206 habebant,
1113 4154 1227 4210 quantus
1239 4141 1320 4195 labor.
1330 4159 1428 4212 expen-

352 4251 397 4290 sus
408 4233 456 4298 sit,
473 4251 558 4285 sermo
574 4232 661 4302 impar
676 4230 763 4284 dicere
780 4249 835 4283 non
853 4231 949 4284 sufficit
964 4230 1055 4283 deleta.
1385 4231 1386 4238 ’
