3320 5296
364 536 424 596 156
726 531 893 596 RlCHERI
916 533 991 593 LIB.
1017 533 1072 592 tv.

298 709 300 713 -
360 691 379 730 u
399 676 440 732 ut
449 640 692 756 unusquisque
705 660 805 757 quod
817 661 1002 758 singularis
1013 685 1034 732 a
1047 666 1124 732 Deo
1138 660 1262 732 datum
1275 660 1443 749 haberet,

361 807 379 845 n
400 777 460 848 hic
488 800 611 848 coram
642 778 832 849 consulens
855 794 938 877 post
965 777 1185 870 effunderem
1216 792 1255 849 ut
1280 777 1437 849 collectis

360 894 623 990 «singulorum
654 895 854 984 sententiiS,
889 921 1028 966 summa
1059 895 1167 966 totius
1200 895 1360 985 consilii,
1391 920 1436 965 ex

361 1042 379 1080 u
401 1011 636 1083 multitudinis
653 1036 768 1083 massa
786 1011 1055 1084 deformaretur.
1078 1012 1244 1083 Reductis
1262 1036 1345 1109 ergo
1360 1011 1441 1106 jam·

361 1158 379 1196 «
401 1153 498 1199 nunc
516 1128 621 1199 nobis
639 1128 675 1198 in
691 1153 826 1219 unum,
847 1129 960 1200 multa
980 1127 1189 1226 prudentia,
1216 1128 1328 1199 multa
1341 1126 1434 1216 fide,

362 1274 380 1314 «
401 1244 598 1315 videndum
612 1251 684 1333 est,
701 1231 746 1316 ne
766 1261 827 1316 aut
846 1244 972 1317 odium
990 1246 1167 1326 rationem
1188 1245 1355 1344 dissipet,
1377 1257 1439 1314 aut

361 1398 379 1435 u
401 1393 504 1438 amor
528 1369 712 1440 veritatem
741 1384 897 1441 enervet.
928 1373 1007 1440 Non
1037 1370 1243 1466 ignoramus
1265 1368 1455 1438 Karolum

363 1484 559 1556 «fautores
590 1509 674 1555 suos
699 1483 850 1577 habere,
882 1487 945 1584 qui
969 1511 1053 1557 eum
1076 1485 1227 1583 dignum
1253 1510 1364 1582 regno
1396 1509 1440 1562 ex

362 1639 380 1676 «
401 1623 593 1708 parentum
612 1608 802 1681 collatione
823 1609 1055 1682 contendant.
1078 1609 1149 1681 Sed
1167 1611 1197 1680 si
1218 1609 1264 1680 de
1280 1609 1351 1680 hoc
1370 1610 1441 1705 agi·

363 1756 380 1793 n
403 1740 474 1815 tur,
495 1751 563 1797 nec
589 1751 740 1823 regnum
757 1726 837 1822 jure
854 1724 1071 1805 hereditario
1090 1724 1301 1822 adquiritur,
1318 1750 1386 1796 nec
1404 1726 1440 1795 in

364 1871 383 1909 a
404 1867 555 1937 regnum
569 1842 838 1940 promovendus
859 1858 911 1913 est
929 1843 996 1914 nisi
1015 1867 1123 1940 quern
1138 1866 1213 1913 non
1233 1841 1351 1912 solum
1364 1867 1442 1912 cor-

364 1987 382 2026 u
403 1959 502 2056 poris
519 1958 703 2048 nobilitas,
725 1958 839 2030 sedet
857 1959 967 2029 animi
980 1957 1330 2056 sapientia‘illustrat,
1353 1956 1443 2028 fides

362 2101 380 2142 u
402 2073 536 2160 munit,
560 2075 832 2170 magnanimitas
853 2074 983 2150 firmat.
1012 2076 1176 2172 Legimus
1195 2076 1232 2147 in
1255 2073 1442 2146 annalibus

363 2218 381 2255 n
403 2183 588 2260 clarissimi
604 2191 741 2286 generis
758 2191 1033 2289 imperatoribus
1050 2193 1191 2289 ignavia
1209 2193 1254 2264 ab
1273 2192 1443 2289 dignitate
1478 2173 1481 2178 ¹

363 2333 381 2373 u
398 2307 646 2404 praecipitatis,
673 2307 761 2378 alios
779 2307 890 2379 modo
910 2333 1036 2407 pares,
1057 2309 1168 2380 modo
1191 2309 1344 2408 impares
1365 2334 1446 2379 suc-⁴

365 2424 560 2495 «cessisse.
590 2424 660 2496 Sed
690 2424 778 2521 quid
800 2424 951 2522 dignum
975 2425 1107 2496 Karolo
1134 2426 1287 2497 conferri
1306 2441 1442 2524 potest,

365 2569 383 2606 u
404 2550 513 2638 quem
527 2541 616 2613 fides
635 2567 711 2613 non
729 2543 835 2639 regit,
853 2558 979 2640 torpor
993 2533 1157 2635 enervat,
1180 2558 1364 2641 postremo
1382 2544 1445 2640 qui

354 2687 388 2746 a
404 2673 501 2740 tanta
519 2659 643 2756 capitis
657 2660 909 2758 imminutione
921 2659 1058 2750 hebuit,
1078 2675 1117 2730 ut
1128 2675 1275 2732 externo
1288 2660 1362 2756 regi
1373 2685 1445 2731 ser·

365 2801 382 2840 u
405 2773 480 2843 vire
498 2797 574 2844 non
586 2773 788 2863 horruerit,
805 2788 841 2844 et
853 2797 1004 2844 uxorem
1017 2774 1063 2844 de
1075 2773 1219 2845 militari
1232 2774 1359 2845 ordine
1378 2773 1445 2848 sibi

365 2919 382 2958 r<
404 2890 578 2986 imparem
593 2888 757 2959 duxerit?
777 2889 971 2976 Quomodo
984 2915 1069 2987 ergo
1083 2915 1234 2987 magnus
1252 2891 1326 2962 dux
1338 2890 1446 2990 patie-

366 3034 385 3080 ς(
404 3023 462 3078 tur
476 3006 521 3080 de
534 3007 607 3076 suis
620 3004 790 3077 militibus
805 3007 973 3077 feminam
987 2997 1167 3107 sumptam
1181 3008 1340 3105 reginam
1353 3006 1443 3100 fieri,

366 3121 543 3218 «sibique
571 3121 777 3192 dominari?
795 3114 992 3208 Quomodo
1022 3124 1130 3222 capiti
1154 3149 1220 3194 suo
1238 3139 1443 3221 praeponet,

368 3269 386 3307 ι(
406 3239 507 3336 cujus
518 3264 622 3338 pares
641 3254 677 3310 et
690 3241 796 3310 etiam
815 3239 969 3335 majores
983 3239 1048 3311 sibi
1069 3267 1184 3338 genua
1198 3242 1365 3333 flectunt,
1387 3268 1450 3338 pe-.

368 3388 385 3426 a
407 3357 583 3453 (libusque
597 3353 745 3440 ‘manus
762 3357 993 3457 supponunt?
1022 3359 1253 3431 Considerate
1274 3384 1351 3430 rem
1370 3358 1448 3430 dili-

368 3507 386 3544 «
409 3491 544 3572 genter,
570 3489 606 3547 et
631 3473 804 3546 Karolum
828 3500 893 3545 sua
920 3476 1032 3572 magis
1062 3476 1166 3574 culpa
1191 3476 1447 3574 praecipitatum

367 3623 386 3661 a
408 3617 517 3690 quam
536 3592 653 3663 aliena
667 3590 798 3664 videte.
815 3591 883 3686 ¹Rei
894 3588 1048 3690 publicae
1060 3591 1318 3662 beatitudinem
1336 3593 1448 3688 magis

367 3740 385 3778 u
408 3695 517 3807 quarn
530 3708 766 3790 calamitatem
784 3722 905 3806 optate
922 3735 930 3776 t
946 3708 974 3779 si
989 3734 1068 3780 earn
1082 3708 1259 3794 infelicem
1281 3707 1359 3780 fieri
1373 3709 1450 3779 vul-

370 3856 389 3895 «
412 3827 475 3917 tis,
501 3823 674 3896 Karolum
696 3841 928 3924 promovete;
954 3826 984 3895 si
1009 3825 1450 3923 fortunatam'„egregium

372 3971 391 4010 a
413 3940 544 4013 ducem
554 3939 744 4038 Hugonem
757 3943 794 4012 in
808 3965 960 4038 regnum
971 3955 1154 4012 coronate.
1168 3943 1220 4012 Ne
1230 3966 1315 4037 ergo
1328 3939 1451 4017 Karoli

370 4090 388 4129 a
408 4085 510 4131 arnor
528 4084 707 4157 quemque
722 4059 864 4158 illiciat,
886 4083 953 4130 nec
973 4057 1099 4129 odium
1122 4057 1223 4130 ducis
1241 4057 1287 4128 ab
1300 4057 1450 4128 utilitate

370 4167 594 4246 «communi
618 4174 814 4273 quemlibet
833 4191 1009 4247 amoveat.
1037 4179 1126 4246 Nam
1145 4174 1181 4245 'si
1199 4173 1338 4246 bonum
1356 4173 1449 4246 vitu-

369 4321 386 4358 «
409 4291 554 4390 peratis,
577 4291 762 4388 quomodo
780 4290 916 4362 malum
934 4289 1147 4362 laudabitis?
1167 4289 1203 4361 Si
1222 4289 1358 4362 malurn
1375 4288 1455 4360 laua
