3308 5286
266 637 270 658 ι
394 542 433 603 38
753 545 920 607 ΒΙΟΗΕΒΙ
943 545 1019 606 LIB.
1044 545 1104 607 tlt.

395 672 733 774 «prehendendum
757 692 826 770 est,
857 703 940 750 cum
965 703 1032 750 nec
1053 679 1193 775 ignavia
1219 702 1287 750 nos
1308 679 1466 778 praecipi-

394 820 412 860 κ
433 791 578 882 taverit,
606 816 673 864 nec
692 794 814 893 inopia
835 793 881 866 ad
903 793 940 866 id
959 794 1150 894 impulerit.
1182 822 1201 860 »

514 1010 630 1063 XXXV.
640 1040 677 1052 -
689 1010 779 1065 Item*
790 1009 961 1082 indignatio*
971 1010 1113 1082 primatia*
1123 1010 1153 1064 in
1163 1011 1307 1064 monachos
1313 1011 1339 1062 t.

440 1179 458 1220 κ
480 1155 568 1240 Quae
586 1154 683 1224 enim
701 1153 754 1225 tis
777 1153 939 1251 impulit,
967 1168 1007 1224 ut
1033 1154 1233 1227 monachus
1258 1155 1352 1228 intra
1370 1154 1465 1227 clau·

391 1301 409 1340 t<
431 1286 503 1344 stra
535 1275 742 1345 monasterii
775 1273 965 1376 dominicis
1000 1275 1149 1347 servitiis
1186 1275 1461 1377 mancipanduS,

389 1405 651 1489 «compatrem
677 1389 825 1478 habeat,
857 1406 893 1462 et
926 1406 1111 1492 compater
1141 1391 1304 1464 dicatur?
1337 1397 1405 1486 Et,
1439 1418 1463 1465 o

389 1536 407 1574 «
429 1522 605 1604 quantum
629 1523 753 1580 nostro
781 1507 901 1580 ordini
921 1507 1128 1600 dissentiat,
1156 1509 1390 1582 considerate.
1412 1510 1461 1602 Si,

389 1622 598 1718 «inquam,
626 1636 810 1722 compater
840 1638 915 1714 est,
945 1638 986 1694 ut
1021 1648 1042 1694 a
1073 1623 1254 1696 verisimili
1278 1623 1464 1722 probabile

388 1767 406 1806 a
428 1737 593 1830 efferam,
618 1763 703 1810 cum
724 1764 769 1811 eo
792 1740 855 1836 qui
882 1754 984 1838 pater
1006 1754 1062 1811 est
1088 1741 1163 1839 ipse
1198 1754 1252 1812 est
1282 1755 1319 1812 et
1347 1755 1479 1839 pater·

388 1885 406 1922 tt
428 1856 465 1925 Si
484 1881 571 1928 vero
597 1870 699 1955 pater
723 1870 792 1948 est,
817 1855 933 1928 filium
954 1856 1012 1928 vet
1031 1855 1142 1929 filiam
1161 1856 1294 1930 habere
1312 1856 1462 1929 dubium

389 2000 407 2038 «
429 1995 506 2041 non
527 1985 592 2042 est.
615 1969 718 2043 Unde
746 1987 783 2043 et
804 1985 978 2044 scortator
997 1973 1116 2071 potius
1135 1997 1244 2070 quam
1263 1973 1462 2046 monachus

387 2087 600 2160 «dicendus
627 2103 691 2159 est.
728 2087 799 2160 Sed
833 2088 923 2186 quid
954 2087 1000 2159 de
1034 2088 1253 2160 commatre?
1290 2087 1387 2175 Quid
1423 2089 1461 2160 in

386 2233 404 2273 «
428 2203 502 2276 hoc
525 2205 674 2277 nomine
698 2229 719 2276 a
740 2205 958 2277 secularibus
987 2206 1233 2304 perpenditur,
1262 2207 1331 2278 nisi
1354 2208 1464 2306 turpi-

386 2352 404 2390 «
425 2322 560 2394 tudinis
593 2323 856 2396 consentanea?
885 2327 963 2393 Hoc
988 2322 1071 2394 licet
1099 2323 1288 2395 verisimile
1313 2321 1459 2415 dicens,

386 2470 403 2508 «
427 2439 646 2513 secularibus
666 2465 744 2511 non
764 2439 978 2539 praejudicO,
1011 2438 1075 2510 sed
1099 2456 1224 2512 nostro
1252 2439 1370 2512 ordini
1399 2441 1462 2513 illi·

388 2558 496 2628 «cita
521 2553 762 2654 reprehendo.
781 2541 900 2641 ,Quod
924 2553 1009 2651 quia
1027 2555 1190 2654 ineptum
1211 2555 1364 2645 videtur,
1385 2580 1461 2626 ves-

387 2702 405 2739 «
428 2687 483 2743 tra
498 2670 788 2746 interminatione
807 2669 1045 2742 inhibendum
1068 2683 1131 2743 est.
1161 2700 1179 2738 »
1206 2672 1268 2742 His
1289 2695 1461 2743 veneran-

388 2817 406 2855 «
429 2786 497 2858 dus
533 2785 831 2884 metropolitanus
872 2786 1089 2884 subjungens
1125 2815 1133 2857 z
1170 2816 1188 2854 α
1223 2787 1259 2857 Si
1295 2815 1313 2853 r
1346 2787 1461 2884 inquit

387 2933 405 2972 t<
426 2901 544 3001 placet
561 2901 708 2992 sinod0‚
736 2902 979 2975 interdicetur.
1003 2933 1022 2972 rr
1047 2902 1202 2974 Sinodus
1220 2901 1331 2973 dixit:
1360 2932 1378 2975 t<
1404 2908 1461 2974 ln·

387 3050 404 3089 «
427 3019 631 3091 terdicatur.
659 3046 678 3085 »
705 3019 969 3118 Metropolitani
994 3021 1113 3118 itaque
1129 3019 1355 3111 auctoritate,
1370 3044 1460 3091 ·om·

383 3138 485 3210 nium
498 3161 677 3209 consensu
694 3135 889 3208 inhibitum
909 3152 973 3208 est.

595 3356 725 3410 XXXVI.
735 3386 772 3398 —
783 3356 906 3410 Secunda
913 3356 946 3392 *⁴¹*
961 3356 1080 3429 primatis
1091 3355 1204 3427 objectio
1212 3355 1257 3409 tt,

431 3504 636 3597 Rursusque
654 3501 787 3599 primas
801 3524 972 3572 exorsus:
992 3528 1009 3565 «
1026 3498 1153 3570 Adhuc
1174 3500 1323 3598 »inquit
1343 3529 1361 3568 «
1382 3524 1461 3571 nos·

385 3629 481 3686 «tro
512 3615 632 3686 ordini
663 3615 808 3687 inimica
835 3615 1029 3714 proferam.
1060 3619 1100 3685 ln
1130 3641 1204 3712 quo
1226 3617 1374 3714 quidam
1407 3614 1460 3687 di·

383 3761 401 3800 «
422 3747 636 3824 noscuntur,
661 3733 792 3830 quibus
812 3757 892 3802 mos
908 3731 1071 3823 inolevit,
1096 3749 1136 3806 ut
1153 3733 1259 3805 solia
1281 3749 1459 3806 monaste·

382 3875 400 3914 «
422 3846 734 3948 riis'egrediantur
747 3849 774 3938 ⁴,
804 3846 872 3917 soli
896 3845 980 3920 foris
1011 3847 1111 3921 nullo
1139 3850 1193 3922 sui
1220 3850 1339 3948 operis
1370 3864 1458 3923 teste

415 4105 431 4140 *
450 4108 482 4171 1,
495 4106 558 4172 ind,
570 4109 671 4180 prima,
688 4107 803 4160 monach
815 4107 919 4163 abscisa.

414 4188 446 4225 *⁴¹
463 4191 592 4258 secundo,
610 4193 654 4264 obj
667 4192 771 4243 abscisa.

417 4275 424 4302 ¹
446 4288 539 4328 exeant
550 4295 612 4328 corr.
630 4275 806 4346 egredientur.
