3308 5286
392 500 430 559 12
751 487 917 565 arenam
940 504 1015 566 ua
1043 506 1102 570 nr.

389 631 544 704 dominae
579 635 855 710 ferventissimus
890 639 1015 712 tendit.
1057 646 1220 738 Eumque
1256 645 1455 740 ingressus,

388 743 539 821 matrem
567 775 650 823 cum
674 753 817 827 duobus
841 756 933 828 natis
959 757 1244 857 comprehendit.
1281 759 1346 830 Alii
1373 785 1458 833 vero

387 869 606 940 ornamentis
628 871 851 968 asportandis
868 873 1088 948 insistebant.
1118 875 1399 974 Comprehendit
1425 892 1461 949 et

386 981 514 1053 milites
540 982 787 1082 oppidumque
813 988 1008 1060 succendit.
1035 993 1117 1076 Quo
1138 980 1348 1081 combustb,
1376 1017 1459 1062 cum

385 1097 534 1170 domina
552 1116 588 1172 et
604 1105 712 1194 natis,
737 1104 979 1203 militibusque
999 1106 1285 1205 comprehensis,
1310 1107 1357 1180 ad
1374 1109 1461 1205 regi·

385 1239 470 1288 nam
487 1219 707 1316 Gerbergam
725 1214 886 1294 reuersus
907 1239 973 1295 est.
1271 1221 1274 1228 ¹

905 1395 942 1447 X.

431 1511 541 1604 'Quod
561 1522 761 1615 Ragenerus
774 1523 1015 1621 comperiens,
1037 1540 1137 1597 tanta
1152 1526 1363 1598 necessitate
1375 1525 1461 1598 duc·

384 1648 459 1725 tus,
487 1640 713 1729 Brunonem,
735 1638 880 1710 fratrem
899 1641 1049 1737 reginae,
1065 1640 1240 1742 postulat,
1258 1623 1299 1713 ut
1320 1657 1460 1714 mature

384 1748 606 1846 colloquium
630 1777 703 1849 quo
726 1752 851 1849 jubeat
875 1756 997 1853 regina
1019 1757 1267 1849 constituatur,
1297 1755 1359 1830 ubi
1385 1759 1460 1856 ipsc

382 1891 533 1939 uxorem
564 1884 600 1940 et
634 1883 737 1941 natos
762 1871 908 1969 recipiat
938 1887 974 1943 et
1003 1873 1124 1968 regina
1153 1872 1246 1945 aedes
1271 1890 1306 1945 et
1329 1874 1461 1971 praedia

382 1999 550 2056 resumat.
571 1984 680 2071 Quod
695 1986 803 2057 etiam
814 2001 946 2057 statuto
961 2001 1123 2084 tempore
1135 1988 1269 2060 factum
1283 2006 1347 2062 est.
1370 1995 1459 2062 Nam

381 2102 510 2176 habitis
535 2106 714 2204 utrimque
737 2105 951 2197 rationibus,
979 2107 1100 2203 regina
1125 2109 1306 2180 atiranno
1328 2091 1461 2209 praedia
1490 2149 1493 2156 ·

382 2226 533 2324 recepit,
559 2228 684 2325 etipse
704 2253 855 2299 uxorem
872 2242 908 2299 et
925 2242 1046 2317 natos,
1060 2228 1260 2326 militesque
1276 2229 1416 2312 reduxit
1429 2233 1455 2302 ⁴.

889 2383 939 2434 xa.

432 2511 495 2582 His
509 2513 565 2592 ¹ita
596 2512 720 2607 gestis,
752 2511 928 2582 Robertus
956 2515 1148 2583 Trecarum
1176 2514 1360 2613 princeps,
1392 2521 1460 2588 He-

382 2628 505 2700 riberti
532 2628 664 2699 tiranni
692 2627 785 2698 lilius
797 2685 806 2719 ,
841 2628 1002 2725 Hugonis
1030 2654 1116 2701 vero
1149 2629 1301 2703 abdicati
1332 2632 1456 2724 frater,

382 2745 551 2815 Lothario
572 2744 647 2839 regi
666 2745 834 2840 injuriam
852 2745 922 2817 hac
940 2759 1014 2816 arte
1039 2745 1184 2817 molitus
1202 2762 1266 2818 est.
1296 2752 1459 2821 Castrum

326 2953 329 2960 ¹
383 2862 520 2958 regium
548 2861 648 2957 quod
673 2861 805 2931 Divion
825 2860 972 2952 dicitur,
1002 2886 1105 2932 secus
1125 2864 1297 2933 Oscaram
1321 2878 1459 2937 torren-

383 2986 456 3042 tem
470 2971 673 3062 conditum,
695 2968 807 3042 multa
825 2972 1018 3070 cupiditate
1038 2971 1194 3061 sitiebat,
1216 2997 1260 3043 eo
1278 2974 1379 3070 quod
1396 2998 1461 3073 per

383 3113 467 3159 eum
487 3089 516 3158 si
533 3088 572 3158 id
589 3087 721 3160 habere
739 3104 877 3186 posset,
905 3090 1080 3188 optimam
1093 3088 1304 3185 Burgundiae
1321 3105 1460 3189 partem

382 3202 429 3274 ad
448 3227 555 3290 suum
570 3204 629 3300 jus
646 3205 797 3276 transire
815 3231 920 3305 posse
938 3204 1186 3277 arbitrabatur.
1214 3204 1319 3276 Illum
1341 3207 1461 3306 itaque
1572 3263 1575 3268 -

382 3321 445 3417 qui
471 3335 586 3390 castro
618 3345 768 3419 praeesse
791 3320 992 3414 videbatur,
1019 3322 1066 3393 de
1092 3322 1287 3420 transfugio
1314 3323 1361 3396 ad
1384 3349 1461 3397 sese

382 3461 447 3533 per
471 3436 602 3534 legatos
628 3437 833 3534 alloquitur,
861 3437 1016 3536 plurima
1037 3438 1239 3536 spondens,
1270 3454 1306 3512 et
1324 3441 1461 3537 majora

384 3552 449 3623 sub
464 3553 697 3649 jurejurando
722 3554 908 3653 pollicens.
933 3554 1037 3653 Apud
1062 3581 1181 3652 regem
1204 3582 1349 3655 quoque
1369 3558 1460 3630 mul-

384 3685 457 3740 tam
481 3695 602 3741 rerum
626 3671 787 3770 inopiam
815 3695 996 3762 asserens,
1027 3673 1124 3770 apud
1148 3699 1223 3745 sese
1251 3674 1459 3760 verogsuffi-

384 3787 516 3858 cientes
544 3812 650 3885 opes,
683 3788 817 3886 oppida
846 3787 1042 3878 nonnulla,
1076 3789 1461 3888 aliaquedesiderabi-

384 3904 473 3974 lium
485 3904 635 4000 insignia
647 3904 957 3976 vehementissime
970 3919 1182 4003 protestans.
1206 3911 1304 3977 Tunc
1319 3907 1460 4004 juvenis

385 4045 505 4091 rerum
517 4019 685 4119 cupidine
697 4037 838 4119 captus,
860 4046 927 4118 pro
943 4021 1137 4119 transfugio
1150 4025 1354 4098 mercedem
1367 4051 1460 4126 quae-

422 4263 429 4292 ¹
450 4265 496 4312 Hic
503 4301 511 4324 ,
525 4265 595 4330 signa
608 4260 746 4324 indicante,
764 4262 846 4335 aliqua
860 4259 941 4313 deesse
957 4259 1081 4313 videntur.
