3324 5298
383 535 444 598 alo
753 527 920 594 RlCHERI
942 534 1016 597 LIB.
1042 536 1096 596 lV.

385 700 403 739 α
425 683 519 740 mate
532 667 714 740 involutus
729 667 1012 740 manifestissime
1030 683 1140 767 patet.
1158 670 1271 779 Quod
1287 672 1393 744 etiam
1412 675 1458 748 ad

385 818 403 856 a
425 788 500 884 ejus
517 785 883 884 condempnationem
902 811 977 858 non
997 786 1187 859 minimum
1205 788 1346 863 valet.»

595 978 694 1030 LXIV.
707 1007 744 1017 —
754 975 906 1047 indignatio
918 977 1037 1031 Gualteri
1049 979 1077 1030 in
1092 981 1242 1032 Aruulfum.

431 1119 637 1209 Gualterus,
661 1117 989 1215 augustudunensis
1013 1120 1220 1219 episcopus,
1239 1120 1349 1192 dixit:
1373 1151 1390 1191 a
1406 1125 1459 1193 An

322 1331 326 1340 .
385 1266 403 1306 a
425 1237 519 1310 male
539 1221 632 1308 sanae
650 1235 779 1306 mentis
799 1233 859 1304 bic
873 1236 1064 1334 episcopus
1084 1253 1230 1310 nonest
1253 1238 1315 1336 qui
1336 1264 1459 1337 prose

385 1385 403 1425 n
425 1354 649 1427 defensiones
662 1352 799 1441 nititur,
822 1352 1109 1449 cumregibuset
1132 1368 1186 1426 tot
1203 1355 1363 1453 patribus
1385 1356 1459 1452 ejus

384 1504 402 1544 α
423 1473 590 1571 iniquitas
603 1470 759 1543 dilucide
771 1486 912 1569 pateat,
929 1487 964 1542 et
983 1471 1130 1570 insuper
1149 1473 1334 1572 presbiteri
1352 1473 1460 1546 malo-

385 1621 402 1660 «
424 1615 505 1660 rum
526 1589 660 1660 conscii
685 1587 889 1666 testimonio
912 1588 1169 1659 convincatur?
1195 1593 1248 1661 An
1273 1590 1348 1689 ipse
1376 1589 1460 1661 mali

384 1731 402 1769 a
424 1701 589 1772 inventor
617 1697 817 1797 periculum
853 1696 1089 1769 anathematis
1127 1698 1279 1770 evadere
1316 1699 1456 1797 potuit,

383 1849 402 1888 «
422 1818 594 1916 cumipse
608 1815 693 1886 mali
707 1817 873 1886 inventor
889 1831 925 1886 et
937 1815 1067 1906 fautor,
1085 1809 1288 1889 inventores
1301 1833 1336 1889 et
1351 1817 1460 1890 facto·

384 1966 401 2004 α
424 1961 479 2007 res
490 1935 717 2031 fautoresque
730 1931 991 2004 maledictionis
1001 1933 1072 2004 telo
1086 1933 1266 2030 perfodit?
1284 1939 1337 2004 An
1346 1933 1460 2034 ipsam

384 2083 402 2121 α
423 2052 652 2124 Divinitatem
665 2049 733 2120 bec
756 2048 979 2147 perpendere
994 2074 1070 2120 uon
1088 2050 1354 2141 animadvertit,
1376 2076 1459 2122 cum

385 2199 402 2238 a
424 2169 596 2266 scriptum
608 2167 664 2257 sit,
679 2165 779 2263 quod
787 2165 883 2236 oculi
889 2167 1035 2238 Domini
1047 2167 1083 2236 in
1097 2168 1197 2238 omni
1205 2167 1287 2238 loco
1300 2183 1459 2239 contem-

382 2311 401 2355 ι(
421 2283 565 2384 plantur
578 2282 695 2354 bonos
709 2296 743 2353 et
761 2281 898 2353 malos?
918 2286 963 2352 Et
979 2296 1074 2353 certe
1090 2282 1253 2374 arbitror,
1271 2284 1354 2380 quia
1372 2283 1459 2354 dixit

384 2431 402 2470 a
422 2401 592 2498 iusipiens
606 2400 644 2470 in
664 2397 774 2469 corde
793 2421 857 2468 suo
875 2425 882 2467 :
901 2403 980 2468 Non
994 2413 1047 2469 est
1059 2403 1167 2470 Deus.
1182 2399 1458 2473 Animadvertite

385 2548 403 2587 n
425 2543 509 2616 ergo
525 2533 655 2616 patres,
668 2541 777 2613 quam
786 2517 947 2612 corrupti
960 2531 1044 2620 sunt
1056 2530 1091 2588 et
1105 2516 1363 2594 abominabiles
1376 2517 1458 2589 facti

384 2662 403 2702 a
423 2650 507 2706 sunt
522 2635 560 2704 in
574 2632 699 2706 studiis
712 2634 784 2704 suis
801 2632 916 2703 factor
934 2647 970 2703 et
983 2632 1113 2705 fautor.
1136 2660 1154 2699 u

435 2907 571 2966 vaff-
581 2905 685 2958 Odonis
697 2905 815 2976 episcopi
834 2904 1004 2959 admonitio*
1019 2906 1052 2959 de
1063 2906 1181 2977 juditio*
1196 2905 1368 2960 accelerando
1377 2909 1403 2960 *.

431 3064 527 3155 Od0,
544 3065 815 3138 silvanectensis
826 3067 1027 3165 episcopus,
1042 3066 1147 3138 dixit:
1161 3095 1179 3134 ι(
1190 3067 1371 3154 Quoniam
1380 3066 1459 3138 reli·

385 3182 538 3278 agionis
563 3205 684 3272 causa,
697 3197 745 3254 et
765 3181 865 3278 jussu
890 3183 1196 3254 serenissimorum
1225 3206 1369 3278 regum,
1399 3181 1457 3252 hic

385 3329 401 3366 a
425 3296 564 3370 collecti
585 3322 725 3388 sumus,
745 3313 889 3370 nonest
911 3298 1149 3371 differendum
1170 3298 1328 3370 habendi
1341 3298 1459 3395 juditii

386 3443 404 3483 n
424 3439 592 3506 examen;
612 3414 650 3486 id
665 3417 761 3487 enim
781 3440 880 3512 reges
897 3416 1163 3518 praestolantur3
1180 3415 1296 3514 clerus
1310 3430 1346 3486 et
1357 3415 1457 3515 plebs

385 3559 402 3598 a
425 3529 521 3601 idem
535 3545 733 3629 expectant.
748 3535 820 3632 Nec
832 3545 885 3601 est
896 3531 934 3601 in
948 3530 1193 3603 diversissimis
1204 3531 1458 3602 sententiarum

386 3673 402 3713 a
425 3646 623 3719 rationibus
635 3646 767 3718 diutius
780 3648 1062 3742 immorandum,
1075 3674 1158 3720 cum
1171 3674 1227 3721 res
1241 3649 1286 3720 sit
1297 3648 1454 3738 evidens,

386 3791 404 3830 n
424 3778 459 3834 et
469 3761 589 3859 juditii
608 3765 698 3835 ratio
715 3765 752 3834 in
768 3779 937 3864 promptu
958 3767 1014 3860 sit.
1037 3771 1091 3839 De
1108 3766 1237 3864 quibus
1253 3791 1328 3838 non
1341 3765 1457 3837 solum

384 3896 567 3980 «patrum
600 3895 728 3953 statuta
762 3882 901 3980 legitis,
935 3908 1062 3957 verum
1097 3885 1204 3956 etiam
1236 3909 1301 3983 per
1331 3907 1456 3955 conse·

384 4028 401 4067 n
422 3999 585 4096 quentias
593 4017 714 4071 rerum
721 3999 885 4097 equitatis
898 4025 1086 4075 censuram
1096 4001 1257 4101 proferre
1271 4024 1346 4072 non
1360 4000 1456 4096 igno·

384 4146 401 4183 n
424 4131 520 4188 ralts.
541 4130 560 4183 η’

416 4286 430 4320 *
451 4285 532 4340 admo
541 4326 549 4353 ,
564 4286 676 4359 juditio,
698 4286 753 4341 ndo
770 4287 875 4340 abscisa.
1227 4315 1248 4352 s
