3324 5298
734 515 900 577 alentur
922 513 996 576 Lm.
1020 515 1075 574 lv.

639 723 790 776 LXXXVI.
803 752 840 764 -
848 723 1025 777 In'ter'fectio*
1037 722 1140 776 Conani
1150 721 1177 773 ¹¹.

419 893 537 977 Quem
550 912 634 959 cum
653 889 735 985 fuga
754 889 957 984 exagitaret,
977 891 1145 958 Conanus
1163 886 1306 957 interim
1325 887 1361 955 in
1381 886 1446 957 du-

370 1023 508 1079 metum
526 1031 608 1076 cum
635 1004 747 1075 tribus
772 1029 848 1075 sese
871 1004 1025 1101 recepit,
1052 1003 1232 1100 armisque
1256 1001 1445 1101 depositis,

369 1125 532 1223 corporis
545 1124 722 1194 fervorem
741 1120 787 1194 ad
805 1145 930 1202 auram
949 1120 1145 1218 mitigabat.
1165 1124 1283 1207 Quem
1301 1119 1449 1217 quidam

370 1242 658 1315 adversariorum
678 1239 842 1329 intuitus,
878 1233 972 1310 facto
1002 1239 1138 1336 impetu
1160 1237 1261 1308 illum
1284 1236 1446 1327 adorsus,

370 1359 488 1455 gladio
511 1356 703 1446 transfixit,
718 1356 955 1454 Fulconisque
974 1357 1160 1427 victoriam
1185 1353 1319 1425 extulit.
1341 1355 1450 1426 Fulco

371 1459 701 1571 animoresumpto,
720 1477 864 1544 Namtas
882 1473 1024 1572 repetit,
1040 1487 1146 1570 atque
1158 1472 1367 1568 ingreditur,
1388 1472 1451 1570 qui

371 1592 408 1662 in
434 1615 515 1662 aree
542 1605 642 1662 erant
666 1591 794 1662 acriter
817 1613 961 1660 vexans.
988 1589 1059 1676 Qui
1085 1587 1246 1687 principe
1272 1587 1448 1678 destituti,

372 1734 465 1808 pene
487 1709 681 1797 exanimes,
704 1706 928 1808 impugnanti
952 1706 1098 1796 cedunt,
1124 1704 1306 1804 fidemque
1327 1721 1451 1804 postu-

372 1826 434 1898 tati
447 1825 592 1898 faciunt.

372 2026 528 2078 LXXXVII
532 2065 539 2078 .
548 2055 585 2067 -
595 2023 746 2096 Repudium
754 2023 787 2060 Η
805 2024 901 2095 reginae
908 2023 942 2060 ἢ
953 2025 1077 2077 Susanna
1090 2043 1106 2076 a
1113 2023 1146 2058 **
1161 2043 1221 2094 rege
1230 2023 1262 2060 *ἢ
1273 2025 1400 2077 Rotberto
1408 2025 1449 2078 *ἦ

421 2189 483 2258 His
494 2187 542 2257 ita
556 2211 632 2276 sese
650 2184 878 2272 habentibus,
900 2185 1091 2256 Rotbertus
1110 2209 1173 2257 rex
1186 2210 1270 2256 oum
1285 2187 1321 2257 in
1336 2185 1451 2257 unde-

372 2291 540 2377 vicesimo
556 2304 667 2376 aetatis
685 2327 781 2374 anno
798 2302 994 2400 juventutis
1007 2302 1097 2373 flore
1110 2318 1296 2395 vernaret,
1320 2306 1450 2375 Susan-

373 2448 459 2494 nam
484 2445 655 2510 uxorem,
677 2444 807 2517 genere
833 2417 1013 2509 Italicam,
1038 2445 1081 2490 eo
1108 2419 1208 2516 quod
1234 2445 1323 2492 anus
1346 2436 1450 2509 esset,

373 2541 467 2612 facto
482 2539 636 2610 divortio
650 2537 862 2644 repudiavit.
884 2540 971 2624 Quae
993 2537 1191 2634 repudiata,
1212 2563 1295 2609 cum
1315 2563 1357 2610 ea
1375 2564 1453 2635 quae

374 2683 418 2728 ex
436 2657 522 2728 dote
542 2671 730 2754 acceperat
751 2669 913 2753 repetere
927 2654 1055 2743 vellet,
1081 2681 1149 2726 nec
1170 2656 1202 2726 ei
1225 2681 1285 2728 rex
1311 2656 1454 2755 adquie-

373 2787 499 2860 sceret,
519 2771 688 2842 aliorsum
704 2770 866 2840 animum
887 2771 1100 2842 transvertit.
1123 2773 1235 2867 Aqua
1253 2771 1360 2843 etiam
1379 2772 1449 2862 die,

374 2913 439 2959 sua
464 2911 643 2985 quaerens,
664 2887 739 2983 regi
756 2886 900 2958 insidias
923 2885 1149 2959 moliebatur.
1167 2891 1258 2960 Nam
1277 2891 1453 2962 nonaste-

374 3005 506 3102 riolum
520 3018 676 3088 castrum
694 3003 795 3101 quod
815 3005 852 3079 in
871 3005 957 3077 dote
980 3021 1180 3104 acceperat,
1201 3005 1248 3078 ad
1273 3032 1378 3080 suum
1395 3007 1453 3104 jus

374 3126 563 3216 refundere
581 3127 741 3225 cupiens,
771 3153 854 3198 curn
879 3127 917 3198 id
940 3127 1081 3200 efficere
1107 3153 1182 3200 non
1203 3145 1336 3228 posset,
1353 3154 1454 3201 secus

374 3269 458 3315 eum
473 3243 570 3315 aliud
583 3245 730 3317 nomine
744 3245 752 3281 ¹
824 3245 994 3335 extruxit3
1015 3271 1098 3343 rege
1113 3247 1255 3317 interim
1274 3262 1452 3344 occupato

373 3361 470 3432 circa
488 3361 627 3433 Odonis
650 3375 684 3431 et
696 3359 863 3431 Fulconis
876 3359 1046 3434 facinora.
1067 3367 1116 3433 Ex
1137 3363 1239 3458 cujus
1255 3364 1454 3435 munitione

374 3478 611 3551 arbitrabatur
643 3504 749 3578 posse
778 3501 926 3550 omnem
957 3482 1104 3552 navium
1144 3482 1453 3554 convectationem

375 3593 571 3692 prohiberi,
594 3619 679 3666 eum
703 3594 770 3666 sibi
796 3594 1026 3668 advenientes
1053 3621 1128 3668 sese
1151 3598 1250 3696 prius
1269 3597 1449 3687 offerrent,

375 3711 473 3783 unde
487 3728 523 3784 et
533 3714 583 3784 eis
597 3714 785 3785 transitum
797 3712 944 3784 ulterius
962 3713 1123 3785 inhibere
1135 3715 1279 3786 valeret.

410 3935 427 3969 ¹*
445 3936 494 3998 In,
513 3934 552 3986 Co
564 3934 669 3986 abscisa.

411 4018 441 4052 *³*
460 4020 513 4082 tre,
527 4037 574 4083 re,
588 4038 618 4084 a,
632 4039 663 4083 r,
680 4020 756 4070 berto
768 4017 872 4068 abscisa.

412 4104 420 4133 ¹
437 4103 507 4153 locus
522 4122 625 4154 vacuus.
