3314 5294
348 512 391 580 72
708 510 875 574 RlGllERl
896 513 972 575 LlB.
997 512 1056 574 111.

350 668 368 707 α
389 661 486 712 nem.
507 669 526 708 a
547 641 601 712 Ad
616 642 692 716 haec
712 645 905 718 Gerhertus
925 675 933 717 ε
953 646 1077 718 «lude
1099 674 1116 713 a
1133 647 1253 744 'inquit
1271 675 1289 715 κ
1311 647 1420 719 vehe-
1457 635 1459 642 ’

350 758 543 829 «mentius
574 760 778 833 mirandum
806 763 969 854 videtur,
1003 749 1109 861 quod
1134 762 1422 835 mathematicam

350 903 367 940 a
387 871 544 971 phisicae,
564 900 635 948 suae
663 876 827 951 videlieet
850 905 980 972 eoevae,
1006 894 1045 950 ut
1071 879 1228 976 speciem
1252 877 1422 950 subdide-

350 1021 367 1058 ι(
389 992 469 1063 rim.
490 996 581 1065 Cum
596 995 692 1066 enim
708 1021 826 1070 coevae
840 997 1051 1070 sub‘eodem
1063 1021 1190 1094 genere
1201 995 1419 1085 habeantur,

349 1135 367 1174 u
388 1108 524 1205 majore
547 1110 695 1209 inquam
716 1111 951 1186 admiratione
971 1113 1120 1211 dignum
1143 1111 1296 1202 videtur,
1317 1112 1347 1182 si
1371 1109 1434 1182 al-·

349 1224 453 1296 «teri
474 1222 583 1296 altera
605 1226 789 1301 subdatur.
816 1230 887 1319 Sed
908 1230 989 1301 dieo
1009 1227 1259 1327 phisiologiam
1279 1227 1426 1324 phisicae

349 1369 367 1408 «
388 1366 498 1438 genus
513 1367 588 1414 non
602 1368 677 1416 esse
689 1346 998 1443 quemadmodum
1010 1347 1198 1445 proponis,
1215 1343 1423 1443 nullamque

349 1488 366 1526 ι(
387 1483 510 1531 earum
527 1459 763 1535 differentiam
783 1463 889 1538 aliam
905 1490 1038 1555 assero,
1058 1465 1126 1536 nisi
1143 1488 1223 1536 eam
1237 1487 1346 1560 quam
1366 1463 1421 1564 in-

349 1605 367 1644 u
388 1589 442 1648 ter
455 1574 721 1677 philosophiam
741 1596 777 1652 et
795 1580 1027 1679 philologiam
1043 1606 1235 1679 cognosco.
1258 1579 1422 1676 Alioquin

349 1723 366 1760 u
386 1692 581 1792 philologia
598 1696 835 1796 philosophiae
856 1723 967 1794 genus
983 1698 1203 1770 conceditur.
1232 1724 1249 1762 a
1270 1695 1324 1778 Ad
1348 1694 1423 1766 haec

346 1810 617 1891 scolasticorum
631 1812 822 1884 multitudo
839 1812 1075 1912 philosophiae
1089 1812 1302 1884 divisionem
1316 1811 1424 1882 inter·
1500 1877 1506 1884 .

346 1940 489 2023 ruptam
515 1927 778 2024 indignabatur,
808 1954 958 2027 earnque
982 1931 1096 2026 repeti
1116 1928 1215 2027 apud
1234 1941 1424 2025 augustum

346 2041 500 2137 petebat.
522 2045 664 2116 Otricus
678 2070 764 2116 vero
778 2061 861 2142 post
874 2044 1060 2142 paululum
1074 2044 1172 2117 ide'm
1186 2042 1423 2142 repetendum

306 2174 309 2182 ’
347 2158 500 2251 dicebat,
529 2163 628 2258 prius
654 2177 775 2234 tamen
802 2161 924 2233 habita
946 2163 1084 2233 ratione
1103 2151 1155 2235 ,de
1183 2185 1290 2232 causa
1313 2160 1423 2257 ipsius

347 2276 602 2376 philosophiae;
629 2279 890 2377 intendensque
920 2280 958 2349 in
983 2278 1214 2368 Gerhertum,
1235 2302 1314 2374 quae
1333 2290 1425 2358 esset

347 2418 452 2466 causa
465 2395 700 2494 philosophiae
717 2394 977 2468 sciscitabatur.

594 2571 682 2623 LXII.
694 2601 731 2612 -
741 2572 807 2637 Qua
819 2573 852 2625 sit
865 2591 943 2625 cause
955 2570 1056 2624 conditi
1069 2569 1173 2623 mundi.

395 2698 567 2784 Quicum
586 2721 608 2788 a
628 2695 818 2786 Gerherto,
839 2710 880 2766 ut
898 2696 1053 2792 apertius
1070 2695 1159 2793 quid
1176 2695 1283 2767 vellet
1306 2695 1423 2766 edice·

347 2827 413 2905 ret,
429 2827 627 2908 rogaretur,
642 2827 764 2882 utrum
777 2812 942 2884 videlicet
959 2837 1103 2884 causam
1116 2838 1187 2910 qua
1198 2814 1342 2885 iuventa
1356 2828 1421 2904 est,

348 2953 394 3002 an
414 2955 558 3002 eausam
578 2931 636 3001 cui
658 2931 803 3002 inventa
824 2930 987 3020 debetur,
1005 2930 1063 3002 ille
1081 2956 1192 3002 mox:
1222 2960 1239 2998 u
1260 2935 1378 3028 Ipsam
1404 2956 1423 2997 a

348 3049 463 3144 inquit
477 3077 495 3116 a
515 3072 659 3119 causam
674 3047 769 3138 dico,
787 3063 1058 3146 propterquam
1072 3050 1217 3120 inventa
1229 3047 1383 3120 videtur.
1404 3080 1422 3115 υ

347 3166 446 3235 Tunc
460 3187 547 3235 vero
561 3163 754 3235 Gerhertus
772 3192 780 3234 :
805 3193 823 3232 u
843 3166 1024 3251 Quoniam
1041 3172 1059 3231 h
1079 3165 1195 3262 inquit
1211 3193 1229 3232 α
1250 3188 1348 3234 nune
1361 3188 1425 3262 pa-

351 3309 369 3347 «
387 3295 438 3353 tet
453 3280 543 3379 quid
557 3305 753 3380 proponas,
769 3281 852 3356 ideo
869 3283 1017 3379 inquam
1030 3283 1175 3354 inventa
1188 3297 1254 3372 est,
1275 3296 1315 3352 ut
1329 3306 1372 3352 ex
1384 3306 1426 3353 ea

351 3427 368 3466 u
391 3423 649 3496 cognoscamus
658 3397 778 3470 divina
788 3412 824 3470 et
831 3398 1003 3472 humana.
1022 3425 1040 3466 a
1050 3402 1095 3469 Et
1107 3398 1269 3470 Otricus:
1288 3426 1306 3465 α
1321 3401 1393 3468 Cur
1405 3426 1423 3464 a

348 3515 464 3614 inquit
482 3545 500 3584 u
520 3516 626 3587 unius
648 3517 698 3587 rei
720 3541 877 3606 causam,
898 3531 953 3588 tot
971 3515 1187 3588 dictionibus
1211 3515 1425 3587 nominasti?

351 3662 368 3701 «
390 3657 474 3704 cum
489 3657 531 3703 ex
544 3657 617 3703 una
633 3632 789 3704 fortassis
805 3633 985 3704 nominari
998 3633 1127 3731 potuit,
1144 3647 1179 3704 et
1193 3630 1427 3729 philosopho·

351 3780 368 3817 a
390 3775 472 3821 rum
489 3750 533 3821 sit
546 3748 709 3822 brevitati
727 3749 892 3822 studere?
910 3778 938 3816 »-
