3320 5296
277 533 279 540 ,
356 475 416 534 160
717 471 882 533 RlCHERl
906 471 981 534 LlB.
1006 471 1061 530 tv.

350 630 427 677 non
453 618 549 698 recte
578 629 684 701 posse
712 607 851 678 creari*
886 605 978 677 duos
996 589 1095 702 reges
1110 605 1148 675 in
1177 603 1307 675 eodem
1331 629 1428 676 anno

351 720 607 820 responderet,
629 705 687 792 ille
709 746 794 792 mox
808 721 997 820 epistolam
1014 745 1035 792 a
1052 721 1144 794 duce
1164 707 1336 792 citerioris
1351 722 1430 792 ilis·

350 837 465 933 paniae
479 835 637 908 Borrello
651 837 796 906 missam
814 835 978 936 protulit,
998 861 1076 933 quae
1096 835 1226 906 ducem
1247 850 1430 934 petentem

353 951 517 1048 suffragia
534 967 659 1022 contra
679 952 1061 1024 barbarosindicabat.
1080 955 1158 1022 Jam
1180 953 1287 1023 etiam
1305 953 1431 1050 Hispa·

353 1069 419 1138 niae
441 1083 580 1165 partem
604 1068 768 1140 hostibus
795 1094 888 1166 pene
913 1084 1150 1166 expugnatam
1175 1067 1373 1154 asserebat,
1395 1084 1432 1139 et

352 1185 422 1256 nisi
439 1187 532 1257 intra
547 1211 688 1256 menses
712 1184 837 1257 decem
858 1186 979 1285 copias
996 1212 1017 1257 a
1035 1185 1144 1258 Gallis
1162 1185 1331 1284 accipiat,
1351 1184 1432 1255 bar·

352 1301 447 1372 baris
461 1317 574 1372 totam
595 1302 634 1372 in
652 1301 874 1405 deditionem
893 1299 1131 1373 transituram.
1154 1300 1300 1373 Petebat
1313 1301 1432 1396 itaque

351 1417 504 1489 alterum
523 1442 643 1514 regem
662 1419 792 1510 creari,
813 1432 854 1488 ut
871 1418 900 1489 si
926 1417 1055 1489 bellico
1074 1417 1256 1489 tumultu²
1276 1417 1434 1488 duorum

354 1535 444 1607 alter
464 1535 670 1626 decideret,
701 1536 746 1607 de
771 1535 932 1634 principe
957 1543 1033 1607 non
1051 1534 1229 1606 diffideret
1244 1534 1429 1606 exercitus.

353 1655 444 1726 Fieri
475 1679 621 1751 quoque
656 1652 835 1725 asserebat
857 1667 985 1751 posse,
1019 1655 1105 1750 rege
1132 1654 1364 1751 interempto,
1398 1665 1435 1722 et

354 1772 468 1869 patria
485 1770 666 1860 desolata,
683 1772 878 1869 primatum
890 1770 1125 1860 discordiam,
1141 1794 1336 1869 pravorum
1349 1792 1436 1838 con·

353 1897 409 1981 tra
426 1887 543 1959 bonos
568 1887 807 1978 tirannidem,
824 1896 876 1958 ‘et
901 1887 987 1960 inde
1012 1889 1119 1959 totius
1145 1888 1258 1985 gentis
1285 1884 1434 1984 captivi·

355 2018 477 2080 tatem.
920 2024 922 2029 ’

596 2110 677 2187 xm.
692 2141 729 2154 -·
740 2114 877 2167 Promotio
892 2112 1013 2166 Rotberti
1025 2113 1054 2177 in
1067 2131 1188 2184 regnum.

405 2239 701 2337 Metropolitanus
714 2241 764 2310 sic
777 2264 883 2339 posse
896 2239 975 2310 fieri
988 2239 1200 2336 intelligens,
1217 2238 1319 2310 dictis
1332 2241 1437 2336 regiis

316 2445 319 2451 Δ
357 2358 472 2428 cessit.
500 2361 552 2427 'Et
579 2356 778 2452 quiatunc
802 2358 839 2427 in
866 2357 1049 2455 nativitate
1075 2357 1222 2434 Domini
1243 2381 1438 2453 regnorum

356 2473 535 2572 principes
552 2488 795 2554 convenerant
812 2474 859 2544 ad
877 2472 1133 2545 celebrandum
1157 2474 1260 2571 regiae
1284 2497 1438 2545 corona·

357 2591 464 2661 tionis
480 2591 679 2681 bonorem,
713 2591 750 2661 in
773 2587 918 2676 basilica
936 2595 1064 2662 sanctae
1083 2591 1204 2663 Crucis
1223 2591 1298 2686 ejus
1324 2589 1439 2660 filium
1532 2637 1537 2646 ·

359 2707 578 2778 Rotbertum'
593 2708 739 2777 Francis
765 2706 993 2780 laudantibus
1022 2723 1168 2808 accepta
1189 2733 1349 2808 purpura
1366 2707 1438 2778 sol-

358 2822 548 2920 lempniter
565 2822 769 2912 coronavit,
787 2838 857 2895 eta
873 2828 974 2895 Mosa
991 2825 1102 2896 fluvio
1120 2850 1234 2922 usque
1254 2829 1440 2896 Oceanum

358 2938 640 3011 occidentalibus
658 2964 779 3036 regem
804 2941 960 3038 praefecit
987 2957 1023 3013 et
1046 2942 1245 3032 ordinavit3
1267 2956 1364 3012 tanta
1384 2941 1439 3010 in·

293 3089 295 3095 ⁸
359 3056 495 3128 dustria
509 3071 614 3152 atque
633 3049 788 3127 sollertia
810 3057 965 3150 clarum,
986 3074 1026 3130 ut
1045 3075 1081 3130 et
1098 3059 1136 3130 in
1153 3059 1260 3130 rebus
1282 3058 1440 3129 militari·

359 3172 428 3276 bus
446 3171 691 3270 praecelleret,
705 3188 741 3243 et
763 3174 892 3245 divinis
917 3200 958 3246 ac
980 3175 1163 3274 canonicis
1186 3175 1352 3245 institutis
1370 3172 1440 3244 cla-

358 3291 518 3362 rissimus
544 3289 755 3382 haberetur,
783 3290 988 3363 liberalibus
1014 3292 1139 3364 studiis
1170 3291 1391 3388 incomberet
1407 3292 1436 3382 ³,

361 3409 622 3514 episcoporum·
633 3409 739 3479 etiam
761 3409 896 3481 sinodis
914 3411 1098 3481 interesset
1107 3465 1123 3501 ,.
1138 3425 1174 3482 et
1187 3436 1270 3481 cum
1288 3411 1337 3482 eis
1355 3435 1438 3482 cau·

359 3516 418 3598 sas
430 3520 690 3602 aecclesiasticas
710 3513 903 3600 discuteret
918 3554 960 3620 ac
978 3528 1240 3600 determinaret.

522 3689 598 3741 XIV.
612 3720 649 3730 —
660 3691 822 3761 Conquestio
832 3692 926 3744 Karoli
942 3692 1014 3763 apud
1025 3695 1124 3746 amicos
1135 3693 1169 3747 de
1179 3712 1273 3765 regno.
1328 3719 1332 3724 ·

396 3818 549 3887 interea
567 3816 716 3887 Karolus
734 3799 831 3916 apud
849 3818 983 3906 amicos
1006 3834 1043 3896 et
1060 3835 1232 3917 cognatos
1249 3833 1351 3890 motu
1365 3841 1442 3913 gra·

364 3933 508 4005 vissimo
536 3932 704 4005 movebat
731 3935 935 4031 querelam,
960 3950 1067 4034 atque
1093 3939 1129 4007 in
1159 3937 1213 4008 sui
1236 3935 1442 4032 suffragium

402 4103 410 4133 ¹
428 4100 547 4154 ordinari
561 4121 624 4154 corr.
638 4099 730 4155 creari.

400 4174 412 4202 ²
431 4173 451 4224 si
466 4173 493 4223 in
507 4173 577 4224 bello
589 4174 725 4244 hispanico
739 4171 829 4224 deleta.
843 4169 847 4174 ”

401 4245 413 4272 ³
432 4247 476 4294 sic.
