3320 5296
372 525 431 614 roo
738 552 904 636 ntcnnnr
926 556 1001 618 xrs.
1027 527 1080 619 rv'.

369 711 406 757 se
420 687 557 783 eripere
570 686 803 758 conabantur.
826 693 989 776 Quorum
1008 689 1066 760 alii
1084 688 1322 761 aecclesiarum
1332 713 1448 762 seere-

291 839 294 845 ·
370 803 413 874 tis
427 827 464 874 se
478 803 724 894 occultabant,
745 805 803 876 alii
825 805 972 877 diversis
993 805 1147 877 latibulis
1160 831 1198 878 se
1211 806 1447 898 claudebant;

370 919 429 1008 alii
441 913 527 991 vero
539 922 629 993 saltu
643 947 680 994 se
694 921 740 994 de
752 924 863 994 muris
876 924 1154 1023 praecipitabant.
1178 928 1343 1012 Quorum
1353 949 1450 996 unus

370 1037 580 1135 episcopuS,
597 1064 681 1110 cum
693 1065 758 1137 per
772 1040 922 1111 declivia
938 1041 1070 1112 montis
1079 1041 1155 1136 jam
1175 1040 1334 1139 elapsus,
1356 1056 1392 1112 et
1409 1041 1457 1110 in'

370 1156 484 1226 vineis
499 1155 545 1226 ab
559 1156 847 1228 observatoribus
862 1173 1023 1257 repertus
1042 1173 1151 1249 esset,
1173 1158 1305 1252 Karolo
1319 1157 1454 1229 deduc-

371 1287 428 1344 tus
446 1287 520 1363 est,
548 1287 584 1345 et
607 1273 656 1360 ab,
679 1299 723 1346 eo
746 1299 886 1347 carcere
915 1275 1092 1356 detrusus,
1122 1279 1287 1348 Emmam
1305 1299 1451 1372 quoque

374 1389 555 1486 reginam,
580 1392 682 1487 cujus
699 1392 869 1466 instinctu
892 1413 977 1465 sese
990 1392 1174 1491 repulsum
1191 1417 1213 1466 a
1230 1392 1336 1464 fratre
1353 1391 1453 1462 arbi-

374 1505 546 1599 trabatur,
575 1507 626 1580 ibi
639 1507 933 1607 comprehendit,
959 1508 1063 1606 eique
1087 1509 1254 1582 custodes
1273 1507 1451 1582 adhibuit.

376 1623 561 1725 Reliquam
575 1627 682 1698 ctiam
699 1625 797 1697 urbis
814 1625 1036 1722 nobilitatem
1047 1651 1141 1726 pene
1158 1642 1271 1700 totam
1285 1626 1453 1724 pervasit.

814 1980 817 1986 ·
874 1959 982 2037 xv11„

429 2108 624 2202 Postquam
641 2105 771 2178 sedatis
789 2105 1006 2179 tumultibus
1022 2105 1144 2177 civitas
1166 2104 1356 2201 tranquilla
1376 2104 1459 2176 red·

380 2221 455 2297 dita
472 2235 542 2312 est,
561 2221 712 2293 Karolus
732 2221 778 2294 de
798 2221 897 2293 urbis
915 2221 1115 2292 munitione
1133 2234 1169 2292 et
1189 2220 1344 2292 militum
1361 2222 1458 2293 victu

379 2335 576 2409 deliberare
593 2353 700 2434 atque
718 2337 884 2410 ordinare
898 2336 1016 2433 coepit.
1036 2335 1228 2434 Deputavit
1239 2361 1324 2433 ergo
1337 2336 1462 2434 vigiles

381 2457 662 2555 quingentenos,
680 2456 754 2551 qui,
774 2454 940 2526 noctibus
957 2452 1102 2549 singulis
1129 2455 1267 2546 armati,
1292 2453 1460 2528 excubias

380 2588 446 2672 per
463 2573 591 2674 urbem
620 2585 656 2676 et
684 2573 817 2674 moenia
841 2585 1056 2682 exercerent.
1084 2573 1274 2641 Annonam
1291 2571 1398 2642 etiam
1416 2596 1461 2646 ex

382 2706 459 2762 toto
472 2716 565 2788 pago
579 2688 864 2762 Veromandensi
876 2687 1005 2758 advehi
1014 2683 1127 2782 jussit.
1145 2691 1190 2757 Et
1205 2687 1256 2758 sic
1272 2686 1400 2780 urbem
1413 2688 1461 2760 ad

381 2805 620 2900 resistendum
639 2805 812 2876 munivit.
835 2809 925 2875 Nam
943 2803 1071 2894 turrim
1099 2827 1178 2899 quae
1202 2803 1323 2875 adhue
1349 2805 1464 2876 muris

381 2922 577 3008 humilibus
590 2919 786 3020 perstabat,
802 2921 921 3020 pinnis
936 2919 1175 2993 eminentibus
1188 2920 1374 3011 exstruxit,
1394 2920 1464 2992 tos-

382 3040 501 3136 sisque
529 3035 734 3136 patentibus
772 3036 1050 3133 circumquaque
1086 3033 1239 3107 vallavit.
1281 3035 1466 3108 Machinas

383 3159 490 3246 etiam
507 3154 671 3228 hostibus
687 3153 814 3226 effecit.
842 3158 990 3226 Necnon
1009 3169 1045 3224 et
1068 3151 1164 3249 ligna
1181 3153 1189 3187 ¹
1214 3143 1460 3244 advectantur,

383 3276 556 3351 machinis
573 3272 770 3346 educendis
788 3271 932 3343 idonea.
954 3269 1045 3341 Valli
1063 3279 1209 3366 quoque
1226 3284 1462 3360 exacuuntur,

382 3411 568 3492 cratesque
584 3401 834 3470 contexuntur.
863 3391 936 3459 Nee
956 3370 1074 3458 minus
1095 3385 1185 3457 fabri
1205 3366 1459 3478 accersiuntur,

382 3513 446 3610 qui
473 3509 619 3582 missilia
654 3505 848 3610 fabricent,
882 3529 924 3577 ac
959 3528 1108 3600 quaeque
1144 3506 1341 3575 necessaria
1367 3504 1463 3577 ferro

374 3617 588 3720 instaurent.
610 3624 840 3698 Necdeluere
856 3627 918 3722 qui
939 3635 1038 3695 tanta
1048 3619 1247 3692 subtilitatis
1265 3636 1339 3694 arte
1357 3621 1463 3693 balis-

382 3758 437 3820 tas
455 3743 638 3831 emittant,
654 3757 694 3813 ut
711 3739 923 3841 apothecam
947 3741 984 3810 in
1006 3751 1104 3810 recta
1127 3737 1302 3811 diametro
1326 3724 1463 3838 duplici

382 3859 559 3936 foramine
579 3873 783 3959 patentem,
799 3873 897 3930 certo
907 3857 1005 3952 jactu
1018 3854 1211 3951 trajiciant,
1223 3881 1305 3929 aves
1318 3881 1465 3955 quoque

382 3979 421 4052 iri
453 4005 536 4052 aere
567 3976 729 4054 volantes
762 3973 963 4052 indubitato
992 3972 1064 4044 ictu
1090 3973 1324 4070 impeterent,
1350 3989 1467 4046 trans.

376 4098 535 4198 fixasqu'e
552 4097 600 4169 de
610 4094 758 4167 sublimi
775 4091 1044 4192 praecipitarent.
1135 4085 1137 4090 ⁴

415 4325 423 4356 ¹
444 4323 554 4376 millenae
565 4320 651 4373 trahes
665 4336 726 4371 corr.
740 4316 821 4388 ligna.
