3308 5286
372 527 412 584 70
740 521 907 587 RICHERI
928 519 1005 584 tlt.
1029 521 1091 582 111.

374 669 393 722 α’
412 653 610 750 eademque
625 654 776 744 ratione,
791 653 909 728 eidem
923 654 1054 752 speciei
1067 667 1103 726 et
1115 676 1241 751 parem
1255 676 1342 743 esse,
1361 666 1397 724 et
1409 665 1451 724 ut

373 800 392 839 «
411 771 615 843 inferiorem
633 773 704 843 acsi
718 773 839 870 generi
852 772 1007 869 speciem
1021 769 1214 867 subjacere.
1234 773 1278 841 Et
1294 794 1361 866 ego
1370 768 1452 866 qui·

373 917 390 955 u
410 888 494 960 dem
511 889 557 960 de
572 888 628 960 his
655 886 703 960 ita
729 890 854 962 sentio.
876 893 1051 962 Caeterum
1073 889 1103 960 si
1121 889 1200 986 quis
1227 902 1353 959 contra
1372 886 1450 958 haec

372 1035 390 1073 u
412 1005 619 1097 contendat,
641 1007 818 1079 rationem
835 1006 920 1078 inde
939 1006 1090 1097 affectet,
1114 1005 1289 1106 faciatque
1310 1029 1376 1075 nos
1392 1005 1449 1075 in-
1478 1047 1494 1072 .

373 1151 391 1190 u
412 1122 567 1221 telligere
600 1123 700 1221 quod
728 1123 883 1196 fortassis
905 1137 1040 1214 naturae
1065 1123 1175 1220 ipsius
1199 1123 1290 1194 ratio
1315 1120 1452 1215 nemini

372 1270 390 1309 u
410 1240 529 1313 adhuc
544 1240 734 1314 contulisse
748 1240 900 1313 videtur.
933 1269 951 1307 u
978 1337 980 1342 Ι

650 1493 652 1496 Ι
695 1415 755 1468 Lx.
773 1445 810 1457 -
825 1415 1002 1486 Philosophiae
1018 1413 1123 1467 divisio.

420 1537 474 1609 td
496 1537 572 1609 haec
590 1539 751 1631 Otricus,
771 1539 943 1611 innuente
965 1552 1136 1636 augusto,
1153 1537 1204 1607 sic
1220 1537 1291 1607 ait:
1312 1564 1329 1604 u
1346 1539 1447 1622 Quo-

373 1687 390 1724 «
413 1656 511 1726 niam
523 1654 760 1756 philosophiae
773 1670 891 1756 partes
905 1656 1041 1754 aliquot
1051 1654 1208 1726 breviter
1223 1653 1386 1750 attigisti,
1403 1653 1450 1726 ad

373 1761 560 1872 «plenum
579 1785 722 1872 oportet
735 1788 776 1846 ut
790 1787 825 1844 et
838 1770 993 1863 dividas,
1015 1786 1050 1844 et
1068 1769 1281 1842 divisionem
1299 1767 1448 1841 enodes.

373 1919 390 1958 u
413 1890 542 1987 Sicque
558 1889 635 1961 fieri
648 1890 792 1989 poterit,
807 1905 847 1964 ut
860 1914 903 1961 ex
919 1887 1099 1987 probabili
1114 1878 1451 1977 divisionc,vitiosae

374 2035 392 2074 «
414 2006 535 2103 figurae
548 2008 702 2105 suspicio
716 2032 737 2078 a
750 2022 785 2078 te
797 2021 1034 2078 removeatur.
1058 2033 1075 2072 u
1091 1997 1191 2076 Tune
1204 2028 1350 2102 quoque
1363 2007 1452 2075 Ger·

372 2122 511 2195 bertus:
539 2127 667 2194 «Cum
688 2123 760 2216 hoc
780 2150 798 2189 u
821 2123 938 2220 inquit
957 2151 975 2191 u
998 2122 1119 2218 magni
1138 2119 1297 2210 constet,
1325 2135 1451 2218 utpote

375 2269 393 2308 u
415 2240 619 2311 divinarum
636 2255 672 2312 et
689 2240 932 2312 humanarum
948 2262 1069 2311 rerum
1092 2236 1367 2336 comprehensio
1392 2261 1453 2308 ve·
1516 2317 1517 2320 Ἴ

375 2386 393 2424 u
415 2357 546 2448 ritatis,
568 2372 687 2428 tamen
703 2371 743 2429 ut
765 2381 833 2428 neo
854 2381 921 2428 nos
940 2356 1087 2452 ignaviae
1109 2379 1312 2451 arguamur,
1335 2369 1371 2426 et
1390 2378 1471 2425 au·-

376 2505 393 2543 u
414 2472 697 2572 ditorumaliqui
709 2472 884 2572 proficere
902 2473 1061 2571 possint,
1082 2471 1282 2544 secundum
1300 2471 1453 2542 Vitruvii

376 2623 394 2660 u
416 2606 522 2689 atque
537 2591 650 2663 Boetii
664 2590 877 2662 divisionem
899 2589 1020 2661 dicere
1035 2613 1111 2660 non
1121 2587 1267 2687 pigebit.
1283 2592 1345 2660 Est
1356 2589 1452 2659 enim

377 2707 646 2808 «philosophia
670 2730 804 2804 genus;
830 2706 930 2801 cujus
952 2705 1088 2804 species
1109 2719 1213 2795 sunt,
1234 2705 1390 2802 practice
1417 2719 1452 2775 et

377 2825 630 2912 «theoretice,
660 2823 833 2918 practices
859 2845 945 2892 vero
969 2821 1105 2918 species
1125 2820 1221 2912 dice,
1244 2820 1452 2919 dispensati-

377 2975 395 3012 e
416 2967 511 3032 vam,
529 2938 802 3028 distributivam,
819 2937 970 3010 civilem.
987 2919 1062 3008 Sub
1072 2937 1266 3011 theoretice
1277 2963 1363 3010 vero
1375 2962 1452 3012 non

377 3093 394 3130 u
416 3063 613 3156 incongrue
627 3045 884 3156 intelliguntur,
904 3053 1040 3153 phisica
1053 3054 1237 3144 naturalis,
1257 3054 1453 3132 mathema-

377 3211 394 3247 «
417 3180 486 3250 tica
510 3173 754 3272 intelligibilis,
785 3197 827 3248 ae
851 3171 1031 3269 theologia
1065 3170 1326 3246 intellectibilis.
1362 3176 1451 3244 Rur-

376 3330 394 3368 α
414 3320 546 3394 susque
563 3291 853 3370 mathematicam
871 3291 940 3362 sub
955 3290 1093 3388 phisica
1111 3315 1186 3364 non
1199 3306 1328 3390 praeter
1344 3292 1451 3362 ratio·

375 3445 392 3483 u
415 3438 500 3486 nem
517 3409 747 3482 collocamus.
771 3437 789 3474 u

373 3565 446 3618 LXI.
460 3561 686 3632 -Reprehensio
699 3559 835 3614 divisionis
846 3560 880 3611 ab
891 3558 984 3612 Otrico
996 3558 1112 3622 inutilis,
1124 3576 1155 3610 ac
1169 3557 1291 3611 Gerherti
1303 3557 1449 3630 responsio.

422 3692 597 3786 Nisusque
613 3685 713 3786 quod
726 3684 906 3783 reliquum
919 3699 996 3758 erat
1012 3685 1195 3782 prosequi,
1212 3685 1354 3760 Otricus
1367 3685 1451 3760 sub·

371 3808 492 3886 intulit
513 3829 531 3878 :·
545 3835 561 3874 u
585 3805 732 3879 Miror»
756 3804 924 3901 inquiens
951 3831 969 3872 u
997 3800 1327 3894 vehementissime,
1352 3803 1452 3900 quod

375 3955 392 3995 u
413 3925 557 4023 phisieae
578 3921 867 3993 mathematicam
884 3920 935 3991 sie
949 3918 995 3991 de
1013 3919 1220 4018 propinquo
1239 3919 1428 3992 subdidisti
1438 3959 1458 4011 ,-

374 4076 391 4113 κ
412 4069 496 4116 cum
513 4043 607 4114 inter
616 4055 806 4137 utramque
823 4037 1068 4111 subaltemum
1084 4063 1195 4134 genus
1213 4037 1360 4136 intelligi
1371 4063 1453 4137 pos·

374 4194 391 4230 u
412 4164 457 4233 sit
473 4159 696 4258 phisiologia.
714 4158 890 4229 Vitiosum
907 4157 1041 4232 etenim
1055 4155 1161 4229 valde
1178 4155 1332 4249 videtur,
1349 4158 1378 4229 si
1397 4158 1450 4229 ni·

374 4312 390 4348 u
414 4281 481 4350 mis
497 4278 603 4375 longe
626 4276 735 4374 petita
754 4300 849 4372 pars,
870 4275 917 4346 ad
934 4277 1071 4374 generis
1089 4275 1293 4348 conferatur
1307 4276 1451 4348 divisio·
