3324 5298
734 558 901 621 RIGHERI
925 561 997 622 ΗΒ.
1022 563 1076 622 IV.

874 761 932 814 LV.

417 922 624 1010 Herivevus,
640 916 860 989 Belvacensis
873 915 1074 1014 episcopus,
1087 913 1193 986 dixit:
1206 917 1440 992 «Cavendum

370 1069 388 1107 a
409 1060 638 1135 summopere
656 1049 725 1124 est,
742 1058 789 1107 ne
810 1033 906 1130 leges
923 1030 1061 1103 divinas
1079 1031 1278 1104 forensibus
1294 1058 1440 1134 compa·

370 1174 387 1226 a
409 1181 541 1229 remus.
553 1154 750 1225 Plurimum
762 1153 890 1223 enima
903 1175 940 1222 se
950 1149 1130 1241 differunt,
1142 1176 1226 1222 cum
1238 1151 1439 1225 divinarum

369 1308 387 1347 ι(
409 1277 454 1349 sit
471 1277 517 1348 de
530 1273 781 1347 aecclesiastiois
803 1273 955 1369 negotiis
977 1286 1148 1364 tractare,
1169 1289 1205 1344 et
1228 1273 1440 1346 secularium

369 1424 388 1463 a
408 1391 623 1467 secularibus
639 1389 812 1462 adhiberi.
830 1393 992 1478 Quarum
1005 1391 1127 1488 primae
1147 1404 1246 1461 tanto
1266 1392 1440 1465 secundas

369 1541 387 1579 a
408 1525 598 1608 superant,
619 1521 755 1605 quanto
783 1506 948 1578 secundae
978 1506 1100 1605 primis
1125 1507 1309 1580 inferiores
1334 1523 1437 1599 sunt;

367 1657 385 1696 r
408 1626 505 1698 unde
522 1640 558 1697 et
571 1625 698 1697 divinis
716 1650 780 1723 per
798 1624 920 1695 omnia
930 1649 1014 1695 suus
1027 1622 1147 1694 honor
1160 1624 1355 1696 servandus
1373 1640 1437 1697 est.

367 1773 386 1811 a
407 1744 443 1814 Si
458 1766 543 1840 ergo
557 1741 663 1814 frater
684 1755 719 1812 et
733 1741 966 1838 coepiscopus
986 1754 1108 1811 noster
1131 1739 1296 1812 Arnullus
1313 1743 1440 1838 majes-

368 1889 385 1927 «
408 1860 488 1931 tatis
507 1856 786 1929 reus'conviotus
802 1855 920 1947 fuerit,
935 1880 1003 1955 pro
1021 1854 1230 1926 sacerdotali
1244 1859 1443 1930 reverentia

368 2005 387 2044 «
407 1990 443 2047 et
458 1974 637 2072 sanguinis
661 1971 847 2062 affinitate,
872 1996 893 2042 a
909 1971 1139 2042 serenissimis
1161 1969 1303 2068 regibus
1322 1973 1440 2045 indul·

368 2122 385 2161 a
408 2091 566 2190 gendum
584 2090 805 2188 aliquatenus
823 2112 899 2158 non
921 2086 1053 2159 abnuo.
1078 2087 1199 2159 Juditii
1219 2104 1338 2161 tamen
1361 2116 1441 2162 sen-

368 2239 385 2276 «
407 2209 555 2280 tentiam
572 2206 722 2277 omnino
737 2228 812 2275 non
827 2202 988 2300 effugiet,
1012 2203 1041 2274 si
1057 2227 1122 2275 sua
1142 2205 1365 2279 consessione
1386 2207 1441 2278 in-

368 2355 385 2394 «
407 2326 535 2424 dignus
549 2321 760 2396 sacerdotali
773 2321 943 2419 dignitate
957 2321 1247 2396 manifestabitur.
1267 2353 1284 2392 n

550 2643 622 2695 LVI.
632 2671 668 2683 -
677 2641 854 2712 Indignatio*
867 2641 1024 2699 Bruuonis*
1036 2642 1064 2695 in
1076 2643 1218 2696 Amulium
1226 2645 1253 2696 *.

416 2821 537 2887 Bruno
565 2815 797 2910 Lingonensis
820 2815 1009 2912 episcopus
1034 2812 1147 2885 dixit:
1176 2844 1194 2883 a
1213 2821 1317 2889 Hunc
1345 2819 1443 2892 unde

370 2965 387 3004 r<
407 2933 468 3006 hio
489 2956 607 3005 sermo
636 2928 789 3003 habetur
806 2933 844 3002 in
868 2931 932 3003 bas
959 2932 1116 3004 miserias
1136 2933 1371 3032 praecipitasse
1396 2938 1445 3009 vi·

369 3082 387 3120 a
409 3050 511 3139 deor,
526 3074 623 3137 cum,
637 3062 763 3120 contra
776 3049 974 3121 multorum
991 3048 1173 3122 honorum
1191 3064 1295 3143 vota,
1315 3053 1362 3124 ad
1374 3053 1442 3125 ho-

370 3198 388 3236 «
410 3166 507 3238 noris
534 3165 676 3237 culmen
700 3167 861 3264 provexi.
888 3170 932 3238 Et
957 3166 1028 3238 hoc
1055 3192 1130 3238 non
1153 3168 1269 3240 solum
1296 3187 1444 3269 propter

370 3315 388 3353 a
410 3285 525 3357 carnis
536 3281 743 3355 affinitatem
758 3283 871 3373 effeci,
887 3282 950 3356 sed
963 3284 1071 3355 etiam
1085 3300 1124 3355 ut
1136 3284 1183 3356 ad
1195 3287 1350 3359 melioris
1365 3290 1443 3360 vitae

370 3432 386 3470 a
410 3415 541 3474 statum
554 3399 655 3471 illum
669 3398 900 3490 attraherem,
921 3424 1004 3470 cum
1022 3425 1096 3472 non
1112 3403 1313 3499 ignorarem
1325 3406 1443 3502 ipsum

370 3549 388 3587 a
409 3517 653 3590 Laudunensis
678 3515 775 3587 urbis
800 3541 1046 3614 pervasorem,
1074 3533 1180 3617 atque
1205 3521 1344 3598 nefariae
1374 3524 1444 3596 fac-

322 3691 324 3695 *
371 3671 389 3710 a
410 3639 517 3711 tionis
536 3639 764 3710 temerarium
790 3639 1006 3736 principem;
1031 3639 1097 3712 sub
1112 3641 1192 3736 jure
1216 3643 1439 3742 cirographi,

371 3787 389 3826 n
410 3753 553 3853 regibus
572 3752 682 3825 fidem
702 3754 955 3852 spopondisse,
977 3781 1044 3854 pro
1068 3756 1168 3828 nullo
1188 3761 1365 3855 praeterito
1383 3778 1444 3835 aut

328 3956 330 3961 Ι
372 3904 389 3943 a
411 3874 531 3944 futuro
558 3885 780 3943 sacramento
807 3871 918 3944 fidem
939 3875 1153 3971 promissam
1177 3899 1252 3948 sese
1271 3902 1444 3976 umquam

370 4021 389 4060 a
410 3989 644 4077 violaturum3
663 4012 787 4084 regum
799 3987 920 4062 hostes
937 4014 1004 4088 pro
1019 3991 1161 4088 ingenio
1178 4005 1214 4063 et
1230 3993 1363 4066 viribus
1380 3997 1445 4067 im-

371 4139 388 4176 «
409 4108 621 4207 petiturum,
647 4105 784 4204 illisque
807 4108 844 4179 in
864 4108 963 4180 nullo
985 4110 1343 4184 communicaturum.
1373 4115 1443 4186 Sed

405 4328 421 4358 ¹
441 4326 511 4390 Iud,
527 4324 597 4391 Bru,
614 4325 755 4379 Amulium
767 4324 833 4376 absc.
