3336 5294
347 506 406 568 288
715 499 883 561 alenam
905 499 980 562 LIB.
1006 499 1061 560 lv.

341 618 367 705 ¹u
383 641 483 710 Hauc
505 636 610 706 etiam
637 635 928 722 collocutionem,
945 632 1126 730 utrimque
1148 632 1335 704 utillimam
1350 633 1429 706 fieri

350 783 368 822 u
385 751 541 842 dicebas,
562 775 645 824 cum
659 752 776 824 hoset
792 750 895 821 illum
909 749 956 821 de
968 748 1223 821 communibus
1237 765 1273 824 et
1283 750 1429 849 privatis

350 898 369 938 u
385 869 601 942 familiariter
618 868 859 940 collocuturos
876 866 1079 938 simulabas.
1101 871 1235 938 Vemm
1246 867 1348 939 aliter
1363 867 1429 938 tibi

349 987 499 1059 «visum
516 1001 603 1074 erat,
629 1009 712 1057 cum
730 985 801 1057 hoc
821 982 904 1055 ideo
926 982 1171 1081 praetondebas
1184 985 1213 1074 ⁴,
1240 999 1280 1056 ut
1300 983 1346 1058 ab
1364 987 1428 1055 Ot-

351 1133 370 1172 u
384 1118 471 1175 tone
486 1087 573 1200 rege
588 1101 757 1174 dominos
777 1115 858 1171 tuos
876 1125 978 1198 reges
993 1099 1254 1196 comprehendi
1279 1101 1425 1190 laceres,

350 1232 608 1317 «regnumque
630 1223 849 1289 Francorum
877 1218 914 1288 in
937 1217 996 1313 jus
1018 1215 1112 1287 illius
1140 1197 1426 1308 transfunderes,
1476 1227 1480 1234 '

350 1366 368 1402 ι(
385 1351 424 1408 ut
438 1351 475 1407 tu
503 1327 668 1406 videlicet
686 1337 880 1405 Remorum
902 1331 1212 1431 metropolitanus,
1241 1331 1324 1406 Odo
1343 1357 1429 1406 vero

350 1483 369 1521 u
383 1459 602 1523 Francorum
615 1451 689 1522 dux
706 1449 910 1521 haberetur.
928 1449 1041 1547 quue
1053 1464 1141 1522 tunc
1158 1451 1262 1522 nobis
1278 1451 1429 1521 omnino

263 1629 270 1642 .
351 1569 509 1666 «patuit,
526 1565 590 1638 sed
601 1565 648 1636 ad
662 1579 805 1663 tempus
823 1589 1055 1663 suppressum
1070 1565 1146 1636 fuit.
1162 1569 1220 1656 Et,
1241 1590 1264 1636 o
1283 1591 1430 1638 summae

350 1712 369 1752 u
383 1684 584 1756 Divinitatis
604 1683 871 1754 miserationem
886 1679 1160 1752 inestimabilem
1174 1679 1182 1753 l
1204 1683 1349 1779 quantis
1365 1685 1431 1753 mi·

351 1832 369 1870 u
383 1802 482 1873 seriis
503 1801 628 1898 erepti,
647 1813 783 1896 quanto
802 1781 960 1868 ludibrio
978 1795 1149 1869 subtracti
1160 1795 1299 1869 sumus!
1322 1803 1431 1876 Instat

350 1949 369 1988 «
385 1934 525 2017 tempus
539 1942 612 2014 quo
626 1931 757 2016 paratae
769 1916 904 1987 insidiae
923 1915 1089 1988 effectum
1102 1917 1330 2014 promittunt.
1353 1918 1434 2016 Epi·

352 2035 482 2133 «scopi
500 2037 646 2123 etenim,
660 2032 854 2131 subs'peoie
868 2031 1047 2128 religionis
1061 2033 1189 2114 aeside
1202 2035 1431 2152 promotione
1500 2119 1502 2124 Ι

352 2184 369 2220 u
385 2168 421 2224 et
441 2150 666 2223 abdicatione
688 2149 854 2222 Gerberti
878 2164 986 2246 atque
1016 2149 1153 2222 Arnulfi
1180 2152 1432 2249 episcoporum
1496 2210 1500 2218 ,

351 2270 578 2368 «quaesituri,
599 2268 788 2366 praemissis
807 2267 930 2364 legatis
946 2267 1156 2340 adveniunt.
1179 2269 1265 2340 Otto
1285 2291 1431 2366 quoque

352 2417 370 2456 u
384 2412 445 2459 rex
468 2387 566 2458 Metti
586 2385 702 2474 adest;
720 2405 829 2482 aquo
843 2409 918 2455 non
936 2383 1044 2482 longe
1064 2386 1431 2458 exercitusoollectus

351 2532 370 2572 n
384 2503 609 2602 praedicatur.
633 2503 669 2573 si
689 2526 776 2573 vero
797 2502 902 2590 imus,
920 2516 981 2572 aut
1003 2501 1263 2598 pugnabimus,
1285 2509 1347 2574 aa
1371 2528 1431 2596 pa·

351 2649 369 2690 u
386 2622 538 2720 piemur.
561 2621 597 2688 Si
618 2643 705 2690 vero
726 2643 801 2690 non
825 2620 932 2708 imus,
959 2619 1106 2717 perjurii
1130 2636 1332 2716 arguemur.
1360 2621 1431 2692 Sed

352 2739 436 2808 «ire
450 2761 550 2832 reges
575 2761 650 2807 non
669 2734 825 2833 expedit,
850 2759 894 2806 eo
913 2735 1013 2833 quod
1032 2735 1184 2806 militum
1207 2738 1311 2835 copia
1327 2736 1427 2807 'sulli-

353 2882 371 2920 «
387 2853 484 2923 ciens
498 2851 549 2922 eis
563 2875 638 2920 non
657 2850 713 2921 sit.
735 2849 885 2945 Perjurii
897 2875 984 2952 vero
1000 2867 1119 2924 reatus
1137 2853 1175 2923 in
1196 2867 1230 2925 te
1248 2852 1428 2926 redunda-

352 2999 370 3062 ς(
386 2967 452 3056 bit,
468 2991 552 3038 cum
565 2981 603 3037 tu
617 2966 731 3056 solus,
749 2965 892 3064 regibus
908 2969 1056 3058 nesciis,
1074 2969 1213 3062 juratus
1231 2971 1289 3040 s'is.
1306 2997 1324 3036 »
1399 2968 1417 2988 ‘⁶
1509 3059 1519 3077 ⁶

825 3174 954 3230 XCVIII.
1040 3187 1045 3206 ³
1102 3183 1110 3196 '

394 3342 448 3415 Ad
460 3343 736 3440 haecopiscopus
756 3340 983 3432 erubescem,
999 3340 1192 3415 obmutuit.
1213 3347 1330 3432 Quem
1343 3326 1427 3418 oum

349 3481 442 3540 unus
454 3483 604 3548 suorum
621 3458 677 3529 his
693 3458 900 3530 exterritum
917 3455 1020 3547 vidit,
1048 3472 1175 3529 contra
1191 3457 1268 3530 baec
1280 3484 1427 3558 respon·

347 3599 451 3646 surus
469 3575 632 3663 surrexit,
654 3589 688 3646 et
706 3575 757 3645 sio
775 3573 1024 3660 oblocutorem
1048 3573 1198 3646 adorsus
1216 3591 1269 3648 est
1287 3603 1295 3646 ε
1320 3605 1339 3644 u
1354 3582 1427 3648 Ho-

350 3721 368 3761 «
383 3717 465 3768 rum
495 3693 659 3764 omnium
682 3691 845 3788 objector
871 3691 960 3762 mibi
982 3691 1161 3790 loquatur.
1197 3691 1331 3764 Adsum
1362 3695 1426 3791 qui

349 3837 368 3876 «
382 3834 450 3907 pro
478 3809 671 3880 criminato
691 3809 868 3880 rationem
899 3806 1026 3879 reddo.
1061 3813 1162 3880 Unus
1182 3823 1322 3881 tantum
1348 3809 1425 3884 haee

349 3925 551 4024 «proferat.
587 3929 703 4022 Caput
723 3949 877 4022 ·quoque
901 3949 1006 3996 suum
1030 3947 1112 3996 meo
1131 3923 1295 4021 objiciat,
1324 3951 1423 3999 arma

346 4072 365 4110 «
380 4066 525 4139 quoque
539 4043 646 4114 armis
661 4057 857 4140 comparet.
878 4045 1024 4114 Necnon
1036 4057 1072 4114 et
1084 4043 1176 4114 vires
1189 4043 1323 4114 viribus
1336 4067 1422 4114 oon·-

381 4273 390 4304 ¹
406 4271 570 4343 praetndebas
584 4273 671 4324 codex.
