3320 5296
375 517 434 580 194
735 513 901 576 lllClllllll
923 513 998 579 LlB.
1021 514 1076 574 IV.

375 651 577 749 adepturos.
614 647 788 723 Processit
812 647 984 721 exercitus
1008 661 1174 746 uterque,
1206 645 1322 720 donec
1349 647 1439 720 alter

373 765 523 837 alterum
548 765 587 835 in
611 778 801 864 prospectu
831 761 999 852 baberet3
1034 776 1070 833 et
1095 762 1146 834 sic
1171 776 1320 862 uterque
1347 761 1439 838 fixus

372 881 531 954 herebat.
564 881 749 978 Utrimque
776 903 851 950 non
873 878 1100 954 mediocriter
1125 877 1327 952 dubitatum
1357 895 1434 971 est,

371 1023 455 1070 cum
472 997 623 1068 Ka'rolus
635 997 687 1068 rei
698 996 856 1072 militaris
869 996 1027 1095 inopiam
1036 994 1201 1086 haberet,
1218 1021 1339 1098 regem
1349 1018 1436 1069 vero

371 1115 511 1185 animus
526 1113 580 1185 sui
597 1111 762 1190 facinoris
780 1111 941 1182 conscius
959 1125 1083 1182 contra
1092 1110 1150 1206 jus
1164 1113 1291 1208 agere⁴
1315 1136 1437 1210 argued

371 1209 546 1326 ret,'cum
562 1233 736 1306 Karolum
752 1248 901 1332 paterno
925 1232 1065 1304 honore
1090 1233 1310 1333 spoliaverit,
1330 1251 1437 1333 atque

370 1359 471 1455 regni
498 1358 579 1452 jura
605 1356 642 1426 in
674 1379 749 1426 sese
774 1354 1012 1426 transfuderit.
1040 1355 1103 1426 His
1131 1369 1281 1453 uterque
1309 1357 1438 1432 herens

362 1472 590 1574 persistebat.
606 1468 766 1543 Tandem
782 1471 919 1542 ratione
935 1495 1093 1566 congrua
1105 1495 1127 1542 a
1139 1473 1348 1571 primatibus
1365 1478 1438 1572 regi

368 1605 572 1688 suggestum
590 1603 643 1660 est
660 1587 912 1686 aliquantisper
928 1612 1012 1660 cum
1030 1589 1184 1659 exercitu
1202 1590 1389 1682 standum;
1408 1593 1438 1664 si

368 1707 480 1780 hostis
488 1706 711 1796 adventaret,
728 1705 928 1776 comminus
941 1701 1262 1801 congrediendum
1277 1707 1306 1778 si
1319 1707 1438 1780 nullus

364 1824 561 1912 lacessiret,
594 1846 678 1893 cum
709 1821 863 1892 exercitu
892 1819 1129 1892 redeundum.
1170 1825 1242 1893 Nec
1270 1823 1388 1894 minus
1417 1848 1439 1895 a

369 1944 501 2017 Karolo
532 1942 628 2015 idem
657 1941 890 2014 deliberatum
927 1941 1003 2012 fuit.
1039 1941 1142 2012 Unde
1171 1921 1268 2038 quia¹
1290 1959 1439 2042 uterque

370 2061 546 2150 constitit,
569 2073 717 2156 uterque
745 2058 809 2130 sibi
828 2058 942 2130 cessit.
965 2061 1037 2130 Rex
1060 2059 1252 2133 exercitum
1276 2061 1436 2149 reduxits

371 2177 521 2249 Karolus
537 2200 623 2249 vero
638 2173 800 2246 lauduni
813 2195 889 2246 sese
902 2175 1046 2272 recepit.

880 2370 938 2423 XL.

420 2522 465 2590 0.
483 2519 616 2589 interea
633 2521 831 2589 Drocarum
844 2507 1014 2615 cupidus,
1031 2515 1078 2589 de
1096 2518 1260 2591 Lauduni
1274 2507 1439 2620 captione

373 2655 448 2707 sese
470 2634 664 2733 plurimum
685 2631 851 2704 'diffidere
876 2631 972 2730 apud
994 2655 1114 2730 regem
1134 2634 1295 2706 simulate
1315 2659 1440 2734 quere·

373 2748 490 2838 batur,
506 2765 590 2820 curn
602 2747 692 2818 aries
704 2748 857 2835 cesserit,
870 2747 1066 2844 militesque
1076 2747 1210 2820 viribus
1223 2749 1436 2841 diffiderent,

374 2863 486 2934 immo
499 2862 606 2933 etiam
619 2860 706 2932 urbs
717 2861 794 2961 ipsa
811 2851 1040 2934 inaccessibili
1053 2864 1120 2934 situ
1139 2863 1339 2938 obnitentes
1355 2891 1440 2940 con·

375 2991 547 3074 tempnat.
570 2981 642 3049 Rex
660 3001 800 3048 merore
819 2977 1018 3067 confectus,
1034 2978 1080 3049 ab
1098 2983 1143 3050 0.
1161 2979 1316 3054 subsidia
1333 2984 1437 3081 petit3
1550 3002 1553 3006 ’

374 3117 450 3164 sese
467 3093 582 3164 vicem
599 3107 969 3191 recompensaturum,
993 3094 1021 3165 si
1039 3095 1159 3193 copias
1176 3099 1389 3196 suppeditet,
1406 3113 1441 3172 ct

377 3205 422 3282 ad
439 3207 614 3304 integrum
627 3203 753 3278 urbem
769 3221 955 3305 expugnet.
973 3208 1080 3296 Quod
1098 3210 1127 3280 si
1139 3211 1440 3309 inpresentiarum

378 3322 509 3420 aliquid
536 3322 634 3420 quod
663 3322 884 3418 largiendum
918 3324 962 3394 sit
985 3339 1099 3421 petat,
1125 3326 1201 3399 sine
1226 3329 1337 3403 dubio
1365 3357 1441 3406 sese

375 3440 565 3512 liberaliter
595 3439 845 3542 exhibiturum.
881 3443 925 3510 Ο.
960 3439 1121 3513 Lauduni
1149 3443 1440 3542 inpugnationem

376 3555 551 3652 simulque
571 3569 606 3628 et
626 3555 827 3653 captionem
851 3557 888 3628 in
909 3557 1072 3655 proximo
1093 3559 1292 3658 pollicetur,
1316 3564 1346 3635 si
1363 3579 1440 3637 tan·

375 3693 454 3750 tum
470 3700 586 3774 arege
603 3681 737 3749 Drocas
755 3678 913 3774 accipiat.
938 3681 1011 3750 Rex
1031 3680 1196 3753 vincendi
1215 3683 1362 3780 gloriam
1380 3711 1441 3758 cu·

375 3796 494 3893 piens,
515 3794 651 3892 petenti
675 3809 829 3864 castrum
845 3795 1103 3868 accommodat.
1123 3798 1243 3871 Palam
1273 3802 1440 3878 omnibus

375 3909 487 4000 cedit,
506 3909 783 4008 promissionum
797 3909 842 3981 de
862 3910 1032 3984 lauduno
1045 3913 1220 3988 credtdus.
1234 3921 1278 3989 Ο.
1295 3941 1440 4018 quoque

376 4025 503 4098 urbem
517 4026 681 4099 amissam
700 4025 736 4096 in
761 4024 862 4098 brevi
887 4051 963 4100 sese
987 4029 1208 4104 redditurum
1228 4033 1346 4133 palam
1363 4062 1440 4109 om·

412 4222 421 4254 ¹
441 4221 529 4276 iecisse
543 4241 616 4295 supra
625 4223 709 4296 posito
720 4239 795 4294 agere
808 4222 895 4276 codes.
