3320 5296
332 513 390 574 res
692 471 860 579 arcuum
883 518 957 578 ura.
983 518 1036 578 rr.

537 695 643 750 xvm.
656 729 692 740 -
703 702 820 773 mpetu
832 703 847 737 a
860 701 979 773 augona
992 701 1045 754 in*
1060 700 1200 754 unorum.

379 861 467 948 Quae
482 860 571 934 dum
590 880 743 961 aguntur
764 891 889 963 regum
914 864 1059 937 auribus
1081 863 1198 936 delata
1221 878 1316 935 sunt.
1338 864 1409 951 Qui

329 976 640 1053 vehementissime
665 983 773 1071 moti,
805 1008 880 1054 non
905 997 1025 1055 tamen
1052 983 1223 1082 praecipiti
1251 983 1405 1080 impetu,

233 1097 237 1112 '
331 1093 408 1185 sed,
432 1097 528 1168 utin
547 1098 714 1170 omnibus
733 1100 913 1191 solebant,
935 1126 1042 1199 super
1061 1100 1132 1172 hoc
1146 1099 1411 1197 diligentissime

332 1213 642 1307 consultaverunt3
659 1231 853 1314 utcumque
873 1219 979 1289 etiarn
997 1217 1116 1289 cordis
1129 1216 1293 1290 dolorem
1312 1215 1411 1286 dissi-

332 1328 529 1402 mulabant.
567 1336 716 1430 Legatos
751 1359 1040 1432 quaquaversum
1082 1333 1251 1431 dirigunt.
1291 1332 1412 1414 Gallos

334 1470 426 1542 quos
438 1447 523 1520 hinc
540 1450 720 1535 Matrona,
733 1449 817 1524 inde
830 1451 942 1522 abluit
955 1454 1145 1541 Garunna,
1162 1463 1288 1521 contra
1301 1449 1410 1520 tiran-

334 1586 423 1633 num
442 1563 605 1637 invitant.
632 1565 771 1654 Quibus
788 1569 826 1638 in
840 1592 955 1638 unum
968 1567 1099 1638 coactis
1117 1591 1201 1637 cum
1220 1565 1412 1637 exercitum

335 1677 578 1778 collegissent,
599 1681 845 1756 deliberabant
865 1709 911 1756 an
925 1683 1054 1756 urbem
1066 1682 1219 1780 aggressi
1233 1705 1415 1780 expugna-

335 1811 416 1868 rent
439 1813 633 1897 antequam
655 1800 702 1872 ab
725 1800 888 1873 hostibus
911 1798 1144 1899 amplioribus
1162 1798 1275 1897 copiis
1299 1796 1415 1882 muni-

335 1925 447 2004 retur,
468 1929 503 1986 et
516 1932 716 2014 expugnata
733 1905 915 1988 tirannum
933 1914 1188 2004 confoderent3
1210 1937 1253 1984 eo
1272 1911 1372 2009 quod
1385 1912 1415 1982 si

336 2029 367 2100 is
402 2030 632 2104 solummodo
663 2047 789 2131 captus
817 2047 879 2104 aut
914 2031 1051 2103 occisus
1082 2031 1192 2120 foret,
1224 2055 1311 2104 mox
1340 2052 1417 2100 sese

338 2169 491 2242 regnum
508 2148 628 2243 quiete
638 2148 851 2239 habituros,
877 2173 924 2219 an
946 2173 1030 2220 cum
1049 2147 1290 2220 benivolentia
1310 2145 1416 2220 susci·

338 2276 466 2360 perent
481 2249 702 2362 supplicem,
723 2265 753 2335 si
779 2264 870 2336 forte
887 2264 917 2334 is
934 2288 972 2335 se
993 2262 1192 2362 supplicem
1218 2259 1414 2350 conferret,

342 2394 378 2452 et
395 2378 494 2452 dono
506 2405 632 2478 regum
644 2407 682 2454 se
694 2407 801 2481 posse
815 2399 935 2472 tenere
948 2406 1004 2453 res
1015 2405 1182 2480 pervasas
1196 2392 1414 2478 exposceret.

340 2499 384 2567 lt
402 2496 465 2593 qui
483 2497 627 2570 acrioris
640 2496 750 2570 animi
768 2513 805 2570 et
821 2497 1071 2570 constantioris
1087 2497 1205 2586 fuere,
1226 2484 1420 2567 censebant

342 2611 419 2686 fore
436 2610 617 2688 obsidioni
630 2607 931 2704 incombendum,
950 2613 1072 2684 hostes
1084 2610 1287 2708 urgendos,
1306 2610 1421 2706 regio·

342 2729 552 2842 nemetiam
572 2755 682 2826 quam
700 2745 929 2829 pervaserant
950 2732 1030 2828 igne
1048 2730 1191 2830 penitus
1208 2735 1422 2822 consumen-

343 2844 440 2949 dam.
462 2845 627 2918 Collectis
644 2848 764 2944 itaque
782 2873 842 2918 sex
860 2844 1003 2917 milibus
1022 2846 1205 2943 equitum,
1221 2845 1259 2914 in
1279 2842 1422 2914 hostem

342 2962 492 3034 vadunt.
508 2965 683 3060 Tempore
701 2977 834 3036 statuto
849 2962 975 3034 urbem
988 2976 1180 3064 appetunt;
1197 2960 1422 3034 obsidionem

344 3077 564 3175 disponunt;
584 3078 778 3175 castrisque
800 3078 880 3149 loca
901 3079 1047 3168 metati,
1074 3076 1176 3149 fossis
1189 3091 1225 3148 et
1238 3073 1425 3174 aggeribus

344 3193 489 3265 vallant.
1229 3189 1233 3194 ’

848 3323 925 3375 XIX.

394 3467 463 3538 Ubi
488 3487 573 3544 cum
603 3465 729 3540 diebus
765 3464 884 3538 multis
911 3461 1125 3554 resederint,
1159 3463 1249 3536 nihil
1270 3463 1421 3553 viritun',

350 3583 441 3656 nihil
464 3583 703 3656 damnationis
726 3583 764 3652 in
782 3581 904 3653 hostes
924 3605 1067 3653 exerere
1084 3579 1296 3674 valueruut;
1323 3594 1422 3651 tanta

344 3704 537 3778 eminentia
568 3716 603 3774 et
633 3701 784 3775 laterum
810 3697 1010 3795 objectione
1038 3681 1124 3768 urbs
1141 3695 1425 3796 inexpugnabilis

344 3839 432 3901 erat.
450 3823 534 3895 Dies
551 3821 659 3893 etiam
671 3816 891 3889 autumnales
911 3815 1076 3886 breviore
1089 3814 1223 3886 circulo
1237 3813 1353 3903 ducti,
1368 3812 1427 3884 his

344 3940 517 4016 exercitiis
546 3961 623 4009 non
655 3933 887 4007 sufficiebant.
924 3937 1052 4004 Noctes
1084 3956 1229 4030 quoque
1257 3930 1423 4029 prolixae,

344 4056 459 4130 multo
477 4055 533 4128 sui
550 4069 711 4153 tempore
738 4050 859 4152 vigiles
885 4047 1097 4124 afficiebant.
1119 4047 1224 4120 Unde
1245 4073 1329 4119 cum
1353 4046 1427 4146 pri-

380 4262 395 4298 *
415 4261 443 4326 1,
458 4259 485 4314 iu
499 4259 602 4312 abscisa.
