3320 5296
369 533 428 594 tot
723 524 889 618 RICHERI
914 526 987 590 LlB.
1014 525 1068 585 lV.

365 664 597 762 querimoniis
610 661 795 734 excitabat.
811 662 882 748 Qui
894 660 1047 732 lacrimis
1060 657 1234 731 suffusus:
1254 657 1400 730 «Video
1416 689 1435 726 a

365 773 482 880 inquit
501 809 519 848 u
542 794 682 852 aetatem
711 803 829 882 meam
859 776 1074 878 procedere,
1107 791 1142 848 et
1167 801 1226 848 me
1254 775 1372 874 ipsum
1398 777 1437 847 in

367 908 387 967 α’
408 899 499 987 dies,
520 897 725 996 patrimonii
747 895 853 966 rebus
871 894 963 966 exui.
982 893 1086 964 Unde
1106 918 1173 964 nec
1191 893 1267 965 sine
1285 893 1439 964 lacrimis

329 1019 333 1026 ’
367 1043 385 1081 u
406 1014 574 1111 parvulos
594 1037 695 1084 meos
713 1013 869 1109 aspicere
885 1010 1007 1101 valeo,
1028 1010 1174 1082 infelicis
1197 1012 1355 1107 germina
1377 1035 1440 1108 pa-

366 1157 384 1198 «
406 1130 480 1201 tris.
503 1126 641 1217 Quibus
659 1129 778 1229 potius
791 1143 916 1200 auctor
932 1153 1014 1199 sum
1028 1128 1139 1199 futuri
1156 1127 1308 1217 doloris,
1329 1151 1436 1226 quam
1516 1145 1534 1162 ·

365 1277 382 1314 u
403 1246 565 1318 honoris.
587 1247 676 1340 Satis
693 1246 813 1318 infelix
830 1260 932 1344 pater
949 1245 1018 1334 fui,
1039 1246 1102 1341 qui
1123 1246 1214 1316 natis
1235 1245 1357 1317 adesse
1379 1246 1439 1316 vix

364 1390 382 1430 u
404 1363 597 1461 aliquando
611 1363 725 1462 potui.
748 1362 819 1434 Sed
837 1362 962 1433 saltem
980 1386 1046 1433 vos
1063 1362 1167 1432 amici
1184 1363 1358 1434 consulite
1375 1362 1440 1432 do-

365 1508 382 1546 «
404 1478 491 1550 lenti
524 1481 633 1577 patri,
669 1478 854 1550 subvenite
885 1479 1056 1550 destituto·
1085 1480 1235 1578 parenti.
1272 1478 1437 1552 Adestote

364 1625 381 1663 u
404 1596 495 1668 natis
526 1597 562 1666 in
593 1611 693 1667 aetate
720 1597 911 1667 tenerrima
943 1620 1109 1668 erumnas
1133 1596 1206 1692 jam
1232 1597 1434 1668 scientibus.

362 1742 380 1779 u
403 1711 592 1784 Providete
610 1712 754 1808 abjectis
771 1714 809 1786 in
824 1737 938 1804 casus,
954 1739 1006 1785 an
1025 1712 1281 1788 inrevocabiles
1302 1715 1435 1804 nescio,

270 1837 274 1844 ‘
362 1830 558 1901 «exituris.
589 1829 743 1901 Suadeat
760 1829 863 1900 vobis
887 1829 1011 1902 saltem
1033 1829 1213 1926 sanguinis
1237 1832 1440 1902 communis

362 1975 380 2012 u
402 1943 553 2021 affinitas
568 1930 599 2015 'J
618 1946 771 2016 Suadeat
785 1960 819 2017 et
833 1945 999 2016 nobilitas
1012 1971 1087 2017 non
1102 1947 1330 2042 neglegenda.
1353 1952 1439 2019 Sua-

243 2156 245 2165 *
362 2093 380 2128 u
403 2062 485 2133 deat
503 2078 537 2133 et
563 2063 866 2158 recompensatio,
888 2064 1028 2159 quaesit
1054 2089 1128 2134 non
1154 2064 1230 2136 sine
1252 2066 1439 2164 multiplici

362 2209 379 2246 u
402 2178 517 2251 fructu
535 2177 703 2249 reditura.
730 2208 747 2242 a

864 2367 926 2418 xv.
990 2389 1006 2434 t

402 2507 631 2574 Mox'omnes
652 2504 826 2572 commoti
842 2502 871 2594 ²,
895 2503 1065 2575 auxilium
1078 2504 1276 2602 spondent,
1302 2522 1338 2578 et
1362 2531 1438 2580 sese

360 2619 407 2692 ad
419 2618 663 2691 auxiliandum
675 2619 939 2716 promptissime
952 2635 1091 2718 parant.
1108 2624 1273 2707 Quorum
1290 2623 1439 2694 consilio

359 2762 464 2826 usus,
482 2735 724 2833 exploratores
744 2735 896 2807 Karolus
912 2739 1053 2814 mittere
1066 2739 1178 2835 cepit,
1195 2740 1258 2835 qui
1270 2742 1441 2837 sagaciter

359 2851 626 2951 perpenderent
655 2853 685 2922 si
713 2876 784 2949 qua
813 2853 1036 2949 oportunitas
1065 2868 1221 2951 pateret,
1254 2867 1326 2953 qua
1347 2862 1438 2929 Lau·

361 2967 501 3050 dunum
514 2967 654 3063 ingredi
670 2967 815 3038 valeret.
839 2968 973 3039 Dire'cti
993 2969 1293 3067 investigaverunt
1310 2973 1439 3072 depre-

359 3085 636 3182 henderuntque
656 3086 794 3157 nullum
814 3085 950 3157 aditum
963 3102 1097 3186 patere.
1114 3093 1205 3160 Cum
1227 3091 1440 3188 quibusdam

360 3219 481 3276 tamen
502 3202 637 3274 civibus
656 3195 832 3275 secretum
854 3203 1057 3294 contulere,
1080 3205 1168 3302 qui³
1193 3205 1358 3278 effectum
1378 3234 1442 3280 ne·

363 3319 459 3416 gotio
473 3333 676 3416 quererent.
694 3324 775 3407 Quo
791 3335 952 3418 tempore
962 3319 1151 3412 Adalbem,
1168 3322 1329 3419 ejusdem
1342 3326 1440 3397 urbis

364 3435 572 3535 episcopus,
593 3435 674 3506 ¹suis
708 3434 844 3506 civibus
877 3436 957 3533 plus
986 3436 1254 3537 justo'injurias
1285 3443 1332 3515 de
1362 3444 1440 3542 lege

363 3551 500 3646 agraria
517 3550 707 3648 irrogabat.
729 3550 833 3622 Unde
852 3552 1059 3657 quidamab
1083 3581 1127 3626 eo
1151 3557 1301 3629 latenter
1319 3561 1440 3631 animo

365 3666 604 3755 discedentes,
642 3666 991 3765 benivolentiamque
1023 3671 1250 3765 simulantes,
1283 3675 1442 3773 explora·

367 3783 503 3857 toribus
515 3783 686 3853 Karolum
699 3808 775 3854 sese
788 3784 826 3853 in
846 3783 973 3856 urbem
991 3804 1197 3885 recepturos
1213 3792 1437 3888 promittunt.

405 3993 413 4025 ¹
435 4011 460 4046 a.
473 3992 588 4062 aliquam
599 3991 805 4045 misericordiam
817 3994 953 4048 ostendero
966 3994 1055 4050 deleto.

404 4075 415 4105 ²
434 4075 494 4140 Qua
505 4093 532 4127 o.
548 4095 572 4127 c.
588 4076 773 4145 conquestione
785 4076 874 4127 deleta.

405 4161 416 4188 ⁵
434 4177 461 4226 q.
478 4172 503 4210 et
515 4162 598 4212 celare
611 4173 715 4232 possent
726 4175 750 4213 ct
763 4159 851 4211 deleta.
