3314 5294
360 538 419 598 136
718 537 884 598 lllCHERl
907 535 983 596 LlB.
1009 535 1067 595 lll.

586 707 588 711 ι
703 746 776 797 CIX.
793 775 829 785 -
845 745 939 798 Obitus
958 744 1087 795 Lothnrii.

405 917 495 984 Nam
525 939 608 985 cunr
641 915 794 986 vernalis
821 914 1009 984 clementia
1043 913 1174 987 eodem
1200 937 1296 984 anno
1324 911 1431 987 rebus

356 1028 486 1100 bruma
510 1029 647 1101 afflictis
676 1030 826 1119 rediret,
855 1055 922 1142 pro
942 1036 1063 1100 rerum'
1088 1043 1214 1101 natura
1239 1029 1429 1100 immutato

356 1168 454 1236 aere,
479 1148 642 1220 Lauduni
666 1163 828 1246 egrotare
855 1149 974 1245 coepit.
998 1145 1102 1228 Unde
1121 1135 1268 1217 vexatus
1291 1170 1333 1217 ea
1349 1171 1430 1241 pas·

355 1265 456 1365 sione
473 1290 552 1362 quae
570 1265 682 1336 colica
699 1290 720 1335 a
736 1263 881 1364 phisicis
903 1263 1079 1352 dicitur,'
1072 1288 1109 1332 m
1128 1261 1261 1344 lectum
1282 1261 1426 1333 decidit.

354 1351 420 1457 Cui
442 1387 548 1458 dolor
569 1386 801 1468 intolerabilis
824 1389 862 1485 in
885 1402 986 1485 parte
1004 1386 1128 1458 dextra
1148 1411 1255 1486 super
1272 1386 1431 1463 verenda

355 1519 449 1595 erat,
473 1499 519 1576 ab
540 1503 710 1576 umbilico
728 1529 874 1604 quoque
892 1503 1074 1602 usquead
1092 1504 1270 1602 splenem,
1294 1519 1328 1575 et
1346 1504 1432 1578 inde

354 1647 468 1720 usque
493 1622 539 1693 ad
563 1611 696 1718 inguen
720 1623 918 1714 sinistrum,
949 1636 984 1692 et
1008 1621 1058 1692 sic
1079 1619 1125 1692 ad
1145 1646 1274 1712 anum,
1297 1621 1432 1702 infestis

199 1773 202 1780 ·
296 1811 297 1816 ,
353 1735 538 1822 doloribus
552 1739 771 1839 pulsabatur.
790 1737 896 1822 Ilium
913 1762 1060 1835 quoque
1082 1761 1123 1808 ac
1144 1738 1285 1828 renium
1302 1737 1434 1834 injuria.

353 1858 528 1932 nonnulla
542 1873 633 1948 erat;
652 1857 860 1932 thenasmus
874 1854 1054 1944 assiduus;
1069 1855 1201 1950 egestio
1215 1855 1427 1952 sanguinea,

353 1999 423 2046 vox
453 1974 639 2072 aliquoties
666 1970 982 2047 intercludebatur.
1016 1961 1201 2046 Interdum
1224 1970 1354 2068 frigore
1383 1972 1431 2044 fe·

352 2091 473 2163 brium
486 2091 632 2188 rigebat.
652 2091 799 2188 Rugitus
811 2090 1063 2162 intestinorum
1081 2089 1108 2158 ⁴.
1124 2088 1319 2160 Fastidium
1329 2090 1427 2187 juge.

252 2267 255 2272 .
353 2212 486 2298 Ructus
508 2210 717 2280 conationes
738 2209 815 2278 sine
836 2207 983 2297 ellectu,
1006 2206 1140 2278 ventris
1160 2206 1341 2296 extensi0,
1362 2222 1431 2281 sto-

351 2326 470 2398 machi
491 2326 615 2416 ardor,
642 2351 717 2396 non
736 2324 896 2397 deerant.
926 2325 1065 2420 Ingenti
1086 2325 1205 2421 itaque
1229 2324 1328 2400 luctu
1354 2340 1431 2398 tota

350 2452 521 2540 personat
537 2443 550 2480 ²
567 2443 708 2514 domus
730 2443 784 2514 Fit
802 2443 938 2514 sonitus
951 2440 1129 2530 diversuS,
1145 2440 1282 2512 clamor
1294 2442 1426 2522 varius,

255 2557 260 2563 ⁶
351 2560 493 2632 Nemini
520 2561 618 2633 enim
639 2585 766 2631 eorum
785 2559 847 2655 qui
870 2559 1037 2648 aderant,
1064 2557 1329 2630 inlacrimabilis
1355 2575 1431 2631 erat

352 2705 393 2750 ea
413 2678 606 2750 calamitas.
624 2683 758 2748 Decem
778 2677 885 2772 igitur
899 2676 1002 2747 annis
1015 2676 1140 2746 Ottoni
1158 2689 1353 2773 superstes,
1369 2677 1430 2747 tri-

351 2797 483 2866 cesimo
505 2809 540 2865 et
558 2795 710 2892 septimo
725 2801 841 2882 an'n0,
859 2817 902 2863 ex
919 2818 994 2889 quo
1013 2807 1115 2891 patre
1128 2791 1297 2864 defuncto
1316 2818 1429 2891 regno

311 2995 319 3008 ι
350 2912 485 3010 potitus
505 2926 557 2983 est
582 2893 584 2906 ¹
569 2909 874 3007 quadragesimo
892 2934 979 2981 vero
1000 2925 1035 2981 et
1056 2924 1185 2981 octavo
1199 2934 1308 3006 quoa
1327 2925 1430 3008 patre

350 3043 522 3132 regnante
545 3051 718 3098 coronam
737 3043 772 3099 et
794 3041 975 3137 sceptrum
992 3040 1203 3123 regnaturus
1222 3028 1380 3125 accepit,
1407 3053 1430 3100 a

350 3162 436 3217 natu
455 3160 576 3216 autem
597 3145 815 3240 sexagesimo
836 3160 965 3240 octavo
983 3143 1155 3215 deficiens
1180 3156 1315 3215 naturae
1335 3168 1430 3216 cou-

350 3263 464 3335 cessit.
829 3278 832 3284 ’

861 3479 919 3529 CX.
1008 3516 1012 3525 .

356 3617 360 3643 .
399 3656 538 3737 Interea
555 3623 754 3746 *magnifice
776 3648 882 3718 funus
912 3649 1054 3746 regiumj
1076 3647 1190 3718 multo
1224 3646 1429 3730 divitiarum

349 3768 521 3866 regalium
539 3767 675 3845 ambitu
697 3779 896 3838 accuratur.
918 3765 972 3835 Fit
990 3766 1020 3836 ei
1041 3764 1153 3836 lectus
1174 3762 1351 3861 regalibus
1370 3761 1428 3832 in-

349 3886 506 3984 signibus
531 3885 744 3974 adornatus,
772 3907 903 3980 corpus
934 3880 1096 3953 bissina³
1127 3895 1226 3953 veste
1245 3878 1423 3967 induitur,

386 4133 393 4162 ¹
413 4132 597 4187 intestinorum
610 4127 666 4179 cod.

383 4219 394 4248 ²
413 4215 575 4286 concrepitat
586 4214 737 4285 superposito
752 4225 874 4282 personat
890 4203 959 4282 cod,

384 4301 393 4334 ³
413 4317 546 4373 purpurea
560 4317 623 4350 corr.
636 4296 743 4350 bissina.
