3314 5294
275 491 277 498 ·
372 477 432 537 114
733 476 900 546 RlCHERI
925 477 1000 539 LlB.
1025 477 1084 538 111.

368 605 453 676 hinc
476 606 616 703 posito,
638 605 791 708 etillinc
821 605 915 698 filio,
947 607 1021 679 dux
1047 609 1226 704 ceterique
1256 608 1379 680 hostes
1409 612 1445 681 in

367 723 488 796 medio
507 723 685 814 conclusi,
706 740 881 823 perpetuo
896 740 1100 823 urgeantur.
1349 729 1352 736 “

777 1676 782 1688 Α
858 1625 960 1680 XCIII.

415 1785 528 1881 Hujus
551 1783 699 1855 rationis
724 1780 915 1853 consilium
935 1798 1128 1880 postquam
1146 1783 1221 1879 regi
1245 1799 1448 1880 suggestum

367 1917 439 1992 est,
469 1900 566 2000 apud
579 1890 799 2010 Gozfredum
819 1899 991 1970 comitem
1011 1899 1074 1995 qui
1097 1898 1220 1970 aderat
1241 1899 1447 1972 ordinatum

365 2019 488 2090 valuit.
501 2023 595 2105 Haec,
609 2017 702 2088 duce
715 2017 916 2113 ignorante,
929 2014 1159 2114 parabantur.
1176 2021 1263 2104 Quae
1272 2042 1356 2092 cum
1365 2033 1448 2116 post

366 2134 694 2225 animadvertisset,
722 2158 769 2205 ne
798 2132 943 2229 regibus
967 2130 1045 2204 fieri
1067 2132 1250 2205 videretur
1277 2135 1444 2232 injurius,

366 2252 623 2325 contumeliam
635 2247 876 2340 dissimulans,
891 2249 981 2320 nihil
994 2250 1138 2350 penitus
1148 2251 1361 2350 refragratus
1378 2268 1443 2326 est.

366 2373 505 2440 Interea
531 2365 690 2459 collectis
722 2351 822 2462 re'gni
851 2364 1091 2463 principibus,
1128 2368 1304 2462 equitatus
1331 2367 1447 2465 regius

367 2484 586 2584 disponitur,
608 2484 760 2581 insignia
778 2484 874 2580 regia
887 2481 1128 2572 invehuntur;
1145 2482 1216 2554 cibi
1234 2484 1447 2585 multiplices

367 2609 528 2707 apparati
552 2607 724 2680 vehiculis
755 2608 1005 2705 imponuntur.
1039 2605 1178 2692 Quibus
1211 2608 1315 2696 actis,
1348 2633 1447 2706 reges

368 2724 510 2819 utrique
535 2749 620 2794 cum
644 2721 767 2792 'multo
797 2723 956 2818 equitatu
982 2723 1019 2793 in
1048 2724 1274 2819 Aquitaniam
1298 2723 1448 2826 profecti

368 2855 469 2929 sunt,
495 2855 724 2934 castrumque
750 2837 920 2909 Briddam
946 2838 1046 2935 quod
1065 2854 1167 2910 vetus
1187 2839 1317 2936 dicitur
1343 2840 1448 2912 deve-

368 2967 511 3025 nerunt.

393 3171 493 3224 XCIV.
503 3200 539 3211 —
552 3170 710 3226 adelaidis*
723 3189 739 3224 a
751 3170 912 3224 Ludovico*
925 3174 1022 3243 regina
1034 3173 1087 3225 in*
1102 3174 1244 3243 Aquitania
1258 3174 1418 3246 promotio*

682 3225 702 3340 Ἰ
732 3279 877 3330 eorumque
896 3261 1041 3316 divortium
1052 3261 1079 3314 *.

417 3441 500 3524 Quo
527 3461 548 3508 a
582 3437 727 3535 praefata
752 3415 921 3508 Adelaide
951 3437 1066 3510 multo
1100 3453 1274 3536 apparatu
1310 3441 1448 3537 excepti

367 3566 470 3642 sunt3
485 3567 522 3623 et
534 3552 593 3624 die
606 3555 799 3624 constituta
818 3554 1016 3625 rationibus
1035 3554 1283 3640 decentissime
1301 3555 1444 3648 habitis,

368 3685 404 3741 et
421 3694 465 3741 ex
480 3670 560 3765 jure
575 3670 665 3742 datis
677 3663 876 3760 dotalibus,
893 3671 1096 3743 Ludovicus
1107 3697 1169 3743 rex
1186 3696 1268 3743 eam
1281 3671 1347 3742 sibi
1361 3699 1448 3744 uxo-

368 3810 446 3856 rem
459 3785 660 3884 copulavit,
681 3802 788 3884 atquc
806 3811 929 3861 secum
947 3802 1158 3860 coronatam
1176 3812 1241 3885 per
1259 3788 1447 3886 episcopos

368 3901 404 3972 in
417 3909 569 4000 regnum
581 3905 776 4002 promovit.
792 3908 873 3975 Non
888 3919 1007 3975 tamen
1028 3905 1166 4002 regium
1184 3927 1319 3975 nomen
1340 3906 1390 3976 sic
1408 3905 1445 3976 in

368 4016 418 4087 eis
429 4018 549 4108 valuit,
569 4035 608 4090 ut
627 4017 806 4091 ullatenus
815 4017 991 4116 regnandi
1002 4012 1287 4092 dominationem
1299 4019 1337 4091 in
1350 4021 1446 4119 prin·

405 4248 418 4282 *
435 4247 494 4314 Ad,
514 4249 564 4316 do,
580 4251 624 4316 in,
640 4225 675 4316 li,
690 4268 724 4302 vo
739 4250 843 4302 abscisa.
