<?xml version="1.0" encoding="UTF-8"?>
<!DOCTYPE html PUBLIC "-//W3C//DTD XHTML 1.0 Transitional//EN"
    "http://www.w3.org/TR/xhtml1/DTD/xhtml1-transitional.dtd">
<html xmlns="http://www.w3.org/1999/xhtml" xml:lang="en" lang="en">
 <head>
  <title>
</title>
<meta http-equiv="Content-Type" content="text/html;charset=utf-8" />
  <meta name='ocr-system' content='tesseract 3.04.00' />
  <meta name='ocr-capabilities' content='ocr_page ocr_carea ocr_par ocr_line ocrx_word'/>
</head>
<body>
  <div class='ocr_page' id='page_1' title='image "./richerhistoired01parigoog_0148.png"; bbox 0 0 3314 5294; ppageno 0'>
   <div class='ocr_carea' id='block_1_1' title="bbox 350 464 1055 571">
    <p class='ocr_par' dir='ltr' id='par_1_1' title="bbox 350 464 1055 571">
     <span class='ocr_line' id='line_1_1' title="bbox 350 464 1055 571; baseline -0.003 -9"><span class='ocrx_word' id='word_1_1' title='bbox 350 505 409 564; x_wconf 78' lang='lat'><strong>132</strong></span> <span class='ocrx_word' id='word_1_2' title='bbox 704 499 870 560; x_wconf 80' lang='lat' dir='ltr'><strong>arenam</strong></span> <span class='ocrx_word' id='word_1_3' title='bbox 895 501 970 560; x_wconf 83' lang='lat' dir='ltr'><strong>nn</strong></span> <span class='ocrx_word' id='word_1_4' title='bbox 996 464 1055 571; x_wconf 72' lang='lat'><strong>1&#39;11,</strong></span> 
     </span>
    </p>
   </div>
   <div class='ocr_carea' id='block_1_2' title="bbox 344 631 1425 1200">
    <p class='ocr_par' dir='ltr' id='par_1_2' title="bbox 344 631 1425 1200">
     <span class='ocr_line' id='line_1_2' title="bbox 348 631 1425 733; baseline 0 -26"><span class='ocrx_word' id='word_1_5' title='bbox 348 635 393 707; x_wconf 89' lang='lat' dir='ltr'><strong>ad</strong></span> <span class='ocrx_word' id='word_1_6' title='bbox 404 709 407 722; x_wconf 57' lang='grc'>,</span> <span class='ocrx_word' id='word_1_7' title='bbox 420 635 609 706; x_wconf 87' lang='lat' dir='ltr'><strong>stationem</strong></span> <span class='ocrx_word' id='word_1_8' title='bbox 628 633 786 704; x_wconf 91' lang='lat' dir='ltr'><strong>hostium</strong></span> <span class='ocrx_word' id='word_1_9' title='bbox 808 631 986 708; x_wconf 85' lang='lat' dir='ltr'><strong>deducere</strong></span> <span class='ocrx_word' id='word_1_10' title='bbox 1008 631 1224 730; x_wconf 69' lang='lat' dir='ltr'>cogitabant.</span> <span class='ocrx_word' id='word_1_11' title='bbox 1249 633 1321 706; x_wconf 86' lang='lat' dir='ltr'><strong>Sed</strong></span> <span class='ocrx_word' id='word_1_12' title='bbox 1340 638 1425 733; x_wconf 86' lang='lat' dir='ltr'><strong>quia</strong></span> 
     </span>
     <span class='ocr_line' id='line_1_3' title="bbox 346 750 1420 849; baseline 0.001 -25"><span class='ocrx_word' id='word_1_13' title='bbox 346 753 543 849; x_wconf 87' lang='lat' dir='ltr'><strong>sagittarios</strong></span> <span class='ocrx_word' id='word_1_14' title='bbox 564 767 747 848; x_wconf 89' lang='lat' dir='ltr'><strong>suspectos</strong></span> <span class='ocrx_word' id='word_1_15' title='bbox 775 750 975 841; x_wconf 88' lang='lat' dir='ltr'><strong>habehant,</strong></span> <span class='ocrx_word' id='word_1_16' title='bbox 1000 753 1179 824; x_wconf 86' lang='lat' dir='ltr'><strong>rationem</strong></span> <span class='ocrx_word' id='word_1_17' title='bbox 1202 751 1420 848; x_wconf 82' lang='lat' dir='ltr'><strong>querebant,</strong></span> 
     </span>
     <span class='ocr_line' id='line_1_4' title="bbox 346 867 1420 967; baseline -0.002 -25"><span class='ocrx_word' id='word_1_18' title='bbox 346 895 417 967; x_wconf 87' lang='lat' dir='ltr'><strong>qua</strong></span> <span class='ocrx_word' id='word_1_19' title='bbox 451 867 615 940; x_wconf 84' lang='lat' dir='ltr'><strong>hostibus</strong></span> <span class='ocrx_word' id='word_1_20' title='bbox 650 868 726 939; x_wconf 89' lang='lat' dir='ltr'><strong>sine</strong></span> <span class='ocrx_word' id='word_1_21' title='bbox 757 892 907 940; x_wconf 88' lang='lat' dir='ltr'><strong>suorum</strong></span> <span class='ocrx_word' id='word_1_22' title='bbox 938 868 1074 941; x_wconf 90' lang='lat' dir='ltr'><strong>lesione</strong></span> <span class='ocrx_word' id='word_1_23' title='bbox 1102 869 1420 967; x_wconf 80' lang='lat' dir='ltr'><strong>appropinquaret.</strong></span> 
     </span>
     <span class='ocr_line' id='line_1_5' title="bbox 344 983 1424 1090; baseline -0.001 -33"><span class='ocrx_word' id='word_1_24' title='bbox 344 985 505 1070; x_wconf 87' lang='lat' dir='ltr'><strong>Tandem</strong></span> <span class='ocrx_word' id='word_1_25' title='bbox 521 986 660 1090; x_wconf 89' lang='lat' dir='ltr'><strong>ratione</strong></span> <span class='ocrx_word' id='word_1_26' title='bbox 682 983 844 1056; x_wconf 89' lang='lat' dir='ltr'><strong>subtilius</strong></span> <span class='ocrx_word' id='word_1_27' title='bbox 867 1001 1133 1084; x_wconf 78' lang='lat' dir='ltr'><strong>perscrutante,</strong></span> <span class='ocrx_word' id='word_1_28' title='bbox 1161 1003 1344 1086; x_wconf 84' lang='lat' dir='ltr'><strong>repertum</strong></span> <span class='ocrx_word' id='word_1_29' title='bbox 1372 1003 1424 1056; x_wconf 89' lang='lat' dir='ltr'><strong>est</strong></span> 
     </span>
     <span class='ocr_line' id='line_1_6' title="bbox 345 1101 1167 1200; baseline -0.004 -25"><span class='ocrx_word' id='word_1_30' title='bbox 345 1128 424 1175; x_wconf 89' lang='lat' dir='ltr'><strong>eam</strong></span> <span class='ocrx_word' id='word_1_31' title='bbox 451 1103 497 1174; x_wconf 89' lang='lat' dir='ltr'><strong>ad</strong></span> <span class='ocrx_word' id='word_1_32' title='bbox 511 1101 632 1174; x_wconf 90' lang='lat' dir='ltr'><strong>hostes</strong></span> <span class='ocrx_word' id='word_1_33' title='bbox 651 1103 876 1200; x_wconf 27' lang='lat' dir='ltr'><strong>optimasarte</strong></span> <span class='ocrx_word' id='word_1_34' title='bbox 890 1102 1034 1174; x_wconf 90' lang='lat' dir='ltr'><strong>detrudi</strong></span> <span class='ocrx_word' id='word_1_35' title='bbox 1051 1127 1167 1199; x_wconf 89' lang='lat' dir='ltr'><strong>posse.</strong></span> 
     </span>
    </p>
   </div>
   <div class='ocr_carea' id='block_1_3' title="bbox 487 1295 1389 1369">
    <p class='ocr_par' dir='ltr' id='par_1_3' title="bbox 487 1295 1389 1369">
     <span class='ocr_line' id='line_1_7' title="bbox 487 1295 1389 1369; baseline 0 -19"><span class='ocrx_word' id='word_1_36' title='bbox 487 1298 560 1350; x_wconf 89' lang='lat' dir='ltr'>CVI.</span> <span class='ocrx_word' id='word_1_37' title='bbox 570 1327 606 1338; x_wconf 92' lang='lat'>—</span> <span class='ocrx_word' id='word_1_38' title='bbox 616 1296 747 1349; x_wconf 85' lang='lat' dir='ltr'><strong>Deductio</strong></span> <span class='ocrx_word' id='word_1_39' title='bbox 759 1295 818 1348; x_wconf 80' lang='lat' dir='ltr'><strong>ad*</strong></span> <span class='ocrx_word' id='word_1_40' title='bbox 831 1297 918 1349; x_wconf 86' lang='lat' dir='ltr'><strong>hostes</strong></span> <span class='ocrx_word' id='word_1_41' title='bbox 929 1297 1097 1368; x_wconf 81' lang='lat' dir='ltr'><strong>superioris*</strong></span> <span class='ocrx_word' id='word_1_42' title='bbox 1111 1298 1240 1352; x_wconf 70' lang='lat' dir='ltr'><strong>machinae</strong></span> <span class='ocrx_word' id='word_1_43' title='bbox 1248 1298 1273 1349; x_wconf 82' lang='lat'><strong>*.</strong></span> <span class='ocrx_word' id='word_1_44' title='bbox 1386 1360 1389 1369; x_wconf 25' lang='grc' dir='ltr'>ι</span> 
     </span>
    </p>
   </div>
   <div class='ocr_carea' id='block_1_4' title="bbox 294 1419 1449 3179">
    <p class='ocr_par' dir='ltr' id='par_1_4' title="bbox 294 1419 1449 3179">
     <span class='ocr_line' id='line_1_8' title="bbox 359 1419 1420 1544; baseline -0.003 -21"><span class='ocrx_word' id='word_1_45' title='bbox 359 1479 374 1524; x_wconf 63' lang='lat' dir='ltr'><strong>a</strong></span> <span class='ocrx_word' id='word_1_46' title='bbox 391 1446 582 1518; x_wconf 86' lang='lat' dir='ltr'><strong>Dictabant</strong></span> <span class='ocrx_word' id='word_1_47' title='bbox 595 1427 692 1518; x_wconf 87' lang='lat' dir='ltr'><strong>enirn</strong></span> <span class='ocrx_word' id='word_1_48' title='bbox 704 1427 859 1543; x_wconf 77' lang='lat' dir='ltr'><strong>quatuor</strong></span> <span class='ocrx_word' id='word_1_49' title='bbox 870 1419 1005 1544; x_wconf 78' lang='lat' dir='ltr'><strong>stipites</strong></span> <span class='ocrx_word' id='word_1_50' title='bbox 1017 1446 1138 1518; x_wconf 80' lang='lat' dir='ltr'><strong>multae</strong></span> <span class='ocrx_word' id='word_1_51' title='bbox 1155 1446 1420 1544; x_wconf 65' lang='lat' dir='ltr'><strong>grossitudinis,</strong></span> 
     </span>
     <span class='ocr_line' id='line_1_9' title="bbox 341 1561 1424 1661; baseline 0.003 -25"><span class='ocrx_word' id='word_1_52' title='bbox 341 1580 442 1648; x_wconf 87' lang='lat' dir='ltr'><strong>terrae</strong></span> <span class='ocrx_word' id='word_1_53' title='bbox 461 1563 582 1642; x_wconf 85' lang='lat' dir='ltr'><strong>solidae</strong></span> <span class='ocrx_word' id='word_1_54' title='bbox 602 1561 852 1653; x_wconf 84' lang='lat' dir='ltr'><strong>mandandos,</strong></span> <span class='ocrx_word' id='word_1_55' title='bbox 879 1562 1007 1636; x_wconf 89' lang='lat' dir='ltr'><strong>decem</strong></span> <span class='ocrx_word' id='word_1_56' title='bbox 1027 1563 1180 1661; x_wconf 89' lang='lat' dir='ltr'><strong>pedibus</strong></span> <span class='ocrx_word' id='word_1_57' title='bbox 1199 1565 1235 1634; x_wconf 90' lang='lat' dir='ltr'><strong>iu</strong></span> <span class='ocrx_word' id='word_1_58' title='bbox 1255 1581 1349 1638; x_wconf 88' lang='lat' dir='ltr'><strong>terra</strong></span> <span class='ocrx_word' id='word_1_59' title='bbox 1363 1567 1424 1639; x_wconf 92' lang='lat' dir='ltr'><strong>de·</strong></span> 
     </span>
     <span class='ocr_line' id='line_1_10' title="bbox 342 1677 1425 1781; baseline 0.002 -29"><span class='ocrx_word' id='word_1_60' title='bbox 342 1680 460 1781; x_wconf 84' lang='lat' dir='ltr'><strong>fossis,</strong></span> <span class='ocrx_word' id='word_1_61' title='bbox 486 1686 570 1750; x_wconf 87' lang='lat' dir='ltr'><strong>octo</strong></span> <span class='ocrx_word' id='word_1_62' title='bbox 584 1702 708 1774; x_wconf 83' lang='lat' dir='ltr'><strong>veroa</strong></span> <span class='ocrx_word' id='word_1_63' title='bbox 730 1693 825 1750; x_wconf 88' lang='lat' dir='ltr'><strong>terra</strong></span> <span class='ocrx_word' id='word_1_64' title='bbox 839 1677 969 1775; x_wconf 86' lang='lat' dir='ltr'><strong>ejectis.</strong></span> <span class='ocrx_word' id='word_1_65' title='bbox 992 1680 1064 1766; x_wconf 88' lang='lat' dir='ltr'><strong>Qui</strong></span> <span class='ocrx_word' id='word_1_66' title='bbox 1077 1680 1184 1751; x_wconf 89' lang='lat' dir='ltr'><strong>etiam</strong></span> <span class='ocrx_word' id='word_1_67' title='bbox 1203 1683 1425 1780; x_wconf 81' lang='lat' dir='ltr'><strong>transpositis</strong></span> 
     </span>
     <span class='ocr_line' id='line_1_11' title="bbox 340 1795 1424 1902; baseline 0.002 -33"><span class='ocrx_word' id='word_1_68' title='bbox 340 1823 407 1896; x_wconf 88' lang='lat' dir='ltr'><strong>per</strong></span> <span class='ocrx_word' id='word_1_69' title='bbox 435 1811 590 1894; x_wconf 89' lang='lat' dir='ltr'><strong>quatuor</strong></span> <span class='ocrx_word' id='word_1_70' title='bbox 614 1795 725 1868; x_wconf 86' lang='lat' dir='ltr'><strong>latera</strong></span> <span class='ocrx_word' id='word_1_71' title='bbox 744 1795 923 1896; x_wconf 84' lang='lat' dir='ltr'><strong>repagulis</strong></span> <span class='ocrx_word' id='word_1_72' title='bbox 950 1795 1278 1902; x_wconf 27' lang='lat' dir='ltr'><strong>vehementissimis?</strong></span> <span class='ocrx_word' id='word_1_73' title='bbox 1294 1797 1424 1871; x_wconf 91' lang='lat' dir='ltr'><strong>solida·</strong></span> 
     </span>
     <span class='ocr_line' id='line_1_12' title="bbox 341 1911 1425 2011; baseline 0.003 -26"><span class='ocrx_word' id='word_1_74' title='bbox 341 1929 478 1986; x_wconf 86' lang='lat' dir='ltr'><strong>rentur.</strong></span> <span class='ocrx_word' id='word_1_75' title='bbox 506 1911 694 2011; x_wconf 82' lang='lat' dir='ltr'><strong>Repagulis</strong></span> <span class='ocrx_word' id='word_1_76' title='bbox 720 1937 877 2010; x_wconf 49' lang='lat' dir='ltr'><strong>quoque&gt;</strong></span> <span class='ocrx_word' id='word_1_77' title='bbox 892 1912 1106 1983; x_wconf 88' lang='lat' dir='ltr'><strong>transmissis</strong></span> <span class='ocrx_word' id='word_1_78' title='bbox 1130 1912 1234 1992; x_wconf 84' lang='lat' dir='ltr'><strong>funes</strong></span> <span class='ocrx_word' id='word_1_79' title='bbox 1262 1915 1425 1990; x_wconf 86' lang='lat' dir='ltr'><strong>inseren-</strong></span> 
     </span>
     <span class='ocr_line' id='line_1_13' title="bbox 342 2028 1424 2129; baseline 0.003 -27"><span class='ocrx_word' id='word_1_80' title='bbox 342 2029 515 2103; x_wconf 79' lang='lat' dir='ltr'><strong>dos-Sed</strong></span> <span class='ocrx_word' id='word_1_81' title='bbox 528 2029 669 2103; x_wconf 84' lang='lat' dir='ltr'><strong>funium</strong></span> <span class='ocrx_word' id='word_1_82' title='bbox 682 2030 799 2125; x_wconf 87' lang='lat' dir='ltr'><strong>capita</strong></span> <span class='ocrx_word' id='word_1_83' title='bbox 813 2028 858 2100; x_wconf 87' lang='lat' dir='ltr'><strong>ab</strong></span> <span class='ocrx_word' id='word_1_84' title='bbox 875 2028 1041 2103; x_wconf 90' lang='lat' dir='ltr'><strong>hostibus</strong></span> <span class='ocrx_word' id='word_1_85' title='bbox 1053 2028 1221 2120; x_wconf 84' lang='lat' dir='ltr'><strong>abducta,</strong></span> <span class='ocrx_word' id='word_1_86' title='bbox 1239 2035 1424 2129; x_wconf 82' lang='lat' dir='ltr'><strong>superiora</strong></span> 
     </span>
     <span class='ocr_line' id='line_1_14' title="bbox 342 2141 1420 2246; baseline 0.002 -27"><span class='ocrx_word' id='word_1_87' title='bbox 342 2146 492 2246; x_wconf 91' lang='lat' dir='ltr'><strong>quidem</strong></span> <span class='ocrx_word' id='word_1_88' title='bbox 505 2144 696 2234; x_wconf 88' lang='lat' dir='ltr'><strong>machinae,</strong></span> <span class='ocrx_word' id='word_1_89' title='bbox 714 2145 888 2215; x_wconf 72' lang='lat' dir='ltr'><strong>‘interiora</strong></span> <span class='ocrx_word' id='word_1_90' title='bbox 900 2169 987 2215; x_wconf 90' lang='lat' dir='ltr'><strong>vero</strong></span> <span class='ocrx_word' id='word_1_91' title='bbox 997 2141 1420 2222; x_wconf 58' lang='lat' dir='ltr'><strong>‘bohusannecterentun</strong></span> 
     </span>
     <span class='ocr_line' id='line_1_15' title="bbox 342 2255 1449 2362; baseline -0.002 -22"><span class='ocrx_word' id='word_1_92' title='bbox 342 2271 387 2340; x_wconf 80' lang='lat' dir='ltr'><strong>At</strong></span> <span class='ocrx_word' id='word_1_93' title='bbox 405 2259 575 2338; x_wconf 81' lang='lat' dir='ltr'><strong>interiora</strong></span> <span class='ocrx_word' id='word_1_94' title='bbox 593 2255 734 2359; x_wconf 86' lang='lat' dir='ltr'><strong>longius</strong></span> <span class='ocrx_word' id='word_1_95' title='bbox 755 2261 996 2360; x_wconf 88' lang='lat' dir='ltr'><strong>superioribus</strong></span> <span class='ocrx_word' id='word_1_96' title='bbox 1013 2263 1330 2362; x_wconf 86' lang='lat' dir='ltr'><strong>protenderentur.</strong></span> <span class='ocrx_word' id='word_1_97' title='bbox 1357 2271 1424 2338; x_wconf 90' lang='lat' dir='ltr'><strong>Su·</strong></span> <span class='ocrx_word' id='word_1_98' title='bbox 1447 2277 1449 2287; x_wconf 79' lang='grc'>’</span> 
     </span>
     <span class='ocr_line' id='line_1_16' title="bbox 344 2377 1426 2487; baseline 0.001 -31"><span class='ocrx_word' id='word_1_99' title='bbox 344 2385 483 2484; x_wconf 89' lang='lat' dir='ltr'><strong>periora</strong></span> <span class='ocrx_word' id='word_1_100' title='bbox 498 2400 595 2453; x_wconf 83' lang='lat' dir='ltr'><strong>-vero</strong></span> <span class='ocrx_word' id='word_1_101' title='bbox 630 2377 796 2452; x_wconf 84' lang='lat' dir='ltr'><strong>breviore</strong></span> <span class='ocrx_word' id='word_1_102' title='bbox 829 2378 939 2487; x_wconf 86' lang='lat' dir='ltr'><strong>ductu</strong></span> <span class='ocrx_word' id='word_1_103' title='bbox 978 2379 1182 2452; x_wconf 85' lang='lat' dir='ltr'><strong>machinam</strong></span> <span class='ocrx_word' id='word_1_104' title='bbox 1216 2383 1426 2480; x_wconf 87' lang='lat' dir='ltr'><strong>implicitam</strong></span> 
     </span>
     <span class='ocr_line' id='line_1_17' title="bbox 344 2494 1421 2600; baseline 0.002 -29"><span class='ocrx_word' id='word_1_105' title='bbox 344 2499 535 2588; x_wconf 81' lang='lat' dir='ltr'><strong>haberent,</strong></span> <span class='ocrx_word' id='word_1_106' title='bbox 556 2498 606 2568; x_wconf 87' lang='lat' dir='ltr'><strong>ita</strong></span> <span class='ocrx_word' id='word_1_107' title='bbox 625 2511 667 2600; x_wconf 84' lang='lat' dir='ltr'><strong>ut</strong></span> <span class='ocrx_word' id='word_1_108' title='bbox 684 2497 778 2567; x_wconf 89' lang='lat' dir='ltr'><strong>inter</strong></span> <span class='ocrx_word' id='word_1_109' title='bbox 799 2494 920 2568; x_wconf 89' lang='lat' dir='ltr'><strong>hostes</strong></span> <span class='ocrx_word' id='word_1_110' title='bbox 935 2511 969 2567; x_wconf 89' lang='lat' dir='ltr'><strong>et</strong></span> <span class='ocrx_word' id='word_1_111' title='bbox 989 2495 1101 2568; x_wconf 90' lang='lat' dir='ltr'><strong>boves</strong></span> <span class='ocrx_word' id='word_1_112' title='bbox 1122 2499 1289 2574; x_wconf 87' lang='lat' dir='ltr'><strong>machina</strong></span> <span class='ocrx_word' id='word_1_113' title='bbox 1302 2515 1421 2575; x_wconf 87' lang='lat' dir='ltr'><strong>staret.</strong></span> 
     </span>
     <span class='ocr_line' id='line_1_18' title="bbox 347 2611 1425 2708; baseline 0.003 -21"><span class='ocrx_word' id='word_1_114' title='bbox 347 2614 449 2692; x_wconf 90' lang='lat' dir='ltr'><strong>Unde</strong></span> <span class='ocrx_word' id='word_1_115' title='bbox 468 2629 504 2688; x_wconf 89' lang='lat' dir='ltr'><strong>et</strong></span> <span class='ocrx_word' id='word_1_116' title='bbox 521 2613 641 2705; x_wconf 88' lang='lat' dir='ltr'><strong>fieret,</strong></span> <span class='ocrx_word' id='word_1_117' title='bbox 666 2628 707 2684; x_wconf 87' lang='lat' dir='ltr'><strong>ut</strong></span> <span class='ocrx_word' id='word_1_118' title='bbox 720 2627 856 2708; x_wconf 89' lang='lat' dir='ltr'><strong>quanto</strong></span> <span class='ocrx_word' id='word_1_119' title='bbox 877 2611 988 2684; x_wconf 91' lang='lat' dir='ltr'><strong>boves</strong></span> <span class='ocrx_word' id='word_1_120' title='bbox 1009 2611 1055 2683; x_wconf 86' lang='lat' dir='ltr'><strong>ab</strong></span> <span class='ocrx_word' id='word_1_121' title='bbox 1072 2612 1237 2687; x_wconf 89' lang='lat' dir='ltr'><strong>hostibus</strong></span> <span class='ocrx_word' id='word_1_122' title='bbox 1248 2617 1425 2690; x_wconf 88' lang='lat' dir='ltr'><strong>trahendo</strong></span> 
     </span>
     <span class='ocr_line' id='line_1_19' title="bbox 344 2725 1425 2834; baseline 0.001 -30"><span class='ocrx_word' id='word_1_123' title='bbox 344 2731 583 2826; x_wconf 83' lang='lat' dir='ltr'><strong>discederent,</strong></span> <span class='ocrx_word' id='word_1_124' title='bbox 610 2743 711 2801; x_wconf 85' lang='lat' dir='ltr'><strong>tanto</strong></span> <span class='ocrx_word' id='word_1_125' title='bbox 735 2727 903 2799; x_wconf 87' lang='lat' dir='ltr'><strong>machina</strong></span> <span class='ocrx_word' id='word_1_126' title='bbox 923 2725 1086 2826; x_wconf 80' lang='lat' dir='ltr'><strong>hostibus</strong></span> <span class='ocrx_word' id='word_1_127' title='bbox 1109 2736 1425 2834; x_wconf 76' lang='lat' dir='ltr'><strong>attractapropin&#39;·</strong></span> 
     </span>
     <span class='ocr_line' id='line_1_20' title="bbox 344 2843 1427 2954; baseline 0.004 -34"><span class='ocrx_word' id='word_1_128' title='bbox 344 2862 482 2947; x_wconf 89' lang='lat' dir='ltr'><strong>quaret.</strong></span> <span class='ocrx_word' id='word_1_129' title='bbox 506 2849 589 2932; x_wconf 89' lang='lat' dir='ltr'><strong>Quo</strong></span> <span class='ocrx_word' id='word_1_130' title='bbox 611 2858 839 2933; x_wconf 81' lang='lat' dir='ltr'><strong>commentO,</strong></span> <span class='ocrx_word' id='word_1_131' title='bbox 865 2843 1049 2917; x_wconf 90' lang='lat' dir='ltr'><strong>chilindris</strong></span> <span class='ocrx_word' id='word_1_132' title='bbox 1067 2849 1281 2954; x_wconf 85' lang='lat' dir='ltr'><strong>suppositis,</strong></span> <span class='ocrx_word' id='word_1_133' title='bbox 1297 2851 1427 2949; x_wconf 91' lang='lat' dir='ltr'><strong>quibus</strong></span> 
     </span>
     <span class='ocr_line' id='line_1_21' title="bbox 344 2959 1425 3057; baseline 0.005 -23"><span class='ocrx_word' id='word_1_134' title='bbox 344 2963 480 3035; x_wconf 86' lang='lat' dir='ltr'><strong>facilius</strong></span> <span class='ocrx_word' id='word_1_135' title='bbox 494 2975 634 3032; x_wconf 89' lang='lat' dir='ltr'><strong>motum</strong></span> <span class='ocrx_word' id='word_1_136' title='bbox 649 2959 842 3057; x_wconf 90' lang='lat' dir='ltr'><strong>acciperet,</strong></span> <span class='ocrx_word' id='word_1_137' title='bbox 859 2959 1025 3034; x_wconf 87' lang='lat' dir='ltr'><strong>machina</strong></span> <span class='ocrx_word' id='word_1_138' title='bbox 1045 2961 1209 3036; x_wconf 88' lang='lat' dir='ltr'><strong>hostibus</strong></span> <span class='ocrx_word' id='word_1_139' title='bbox 1227 2966 1327 3038; x_wconf 90' lang='lat' dir='ltr'><strong>nullo</strong></span> <span class='ocrx_word' id='word_1_140' title='bbox 1343 2966 1425 3039; x_wconf 87' lang='lat' dir='ltr'><strong>laeso</strong></span> 
     </span>
     <span class='ocr_line' id='line_1_22' title="bbox 294 3080 773 3179; baseline -0.004 -27"><span class='ocrx_word' id='word_1_141' title='bbox 294 3126 296 3130; x_wconf 81' lang='lat'><em>.</em></span> <span class='ocrx_word' id='word_1_142' title='bbox 346 3080 495 3179; x_wconf 89' lang='lat' dir='ltr'><strong>appulsa</strong></span> <span class='ocrx_word' id='word_1_143' title='bbox 512 3093 577 3150; x_wconf 89' lang='lat' dir='ltr'><strong>est.</strong></span> <span class='ocrx_word' id='word_1_144' title='bbox 770 3087 773 3094; x_wconf 84' lang='lat'>&#39;</span> 
     </span>
    </p>
   </div>
   <div class='ocr_carea' id='block_1_5' title="bbox 643 3191 1170 3294">
    <p class='ocr_par' dir='ltr' id='par_1_5' title="bbox 643 3191 1170 3294">
     <span class='ocr_line' id='line_1_23' title="bbox 643 3191 1170 3294; baseline 0.004 -22"><span class='ocrx_word' id='word_1_145' title='bbox 643 3219 1126 3294; x_wconf 67' lang='lat' dir='ltr'><strong>cvl1.-victoria**Lort1arii**.</strong></span> <span class='ocrx_word' id='word_1_146' title='bbox 1168 3191 1170 3194; x_wconf 22' lang='grc' dir='ltr'>Ι</span> 
     </span>
    </p>
   </div>
   <div class='ocr_carea' id='block_1_6' title="bbox 347 3337 1430 4178">
    <p class='ocr_par' dir='ltr' id='par_1_6' title="bbox 347 3337 1430 4039">
     <span class='ocr_line' id='line_1_24' title="bbox 395 3337 1428 3452; baseline -0.007 -26"><span class='ocrx_word' id='word_1_147' title='bbox 395 3337 596 3426; x_wconf 82' lang='lat' dir='ltr'><strong>Adversarii</strong></span> <span class='ocrx_word' id='word_1_148' title='bbox 619 3371 765 3451; x_wconf 77' lang='lat' dir='ltr'><strong>quoque</strong></span> <span class='ocrx_word' id='word_1_149' title='bbox 789 3354 943 3427; x_wconf 88' lang='lat' dir='ltr'><strong>similem</strong></span> <span class='ocrx_word' id='word_1_150' title='bbox 958 3345 1115 3452; x_wconf 84' lang='lat' dir='ltr'><strong>quidem</strong></span> <span class='ocrx_word' id='word_1_151' title='bbox 1139 3357 1343 3452; x_wconf 72' lang='lat' dir='ltr'><strong>machinam</strong></span> <span class='ocrx_word' id='word_1_152' title='bbox 1369 3387 1428 3434; x_wconf 68' lang='lat' dir='ltr'><strong>ex.</strong></span> 
     </span>
     <span class='ocr_line' id='line_1_25' title="bbox 347 3469 1427 3576; baseline 0.008 -34"><span class='ocrx_word' id='word_1_153' title='bbox 347 3485 492 3561; x_wconf 88' lang='lat' dir='ltr'><strong>truunt,</strong></span> <span class='ocrx_word' id='word_1_154' title='bbox 519 3469 583 3541; x_wconf 90' lang='lat' dir='ltr'><strong>sed</strong></span> <span class='ocrx_word' id='word_1_155' title='bbox 608 3469 794 3541; x_wconf 86' lang='lat' dir='ltr'><strong>altitudine</strong></span> <span class='ocrx_word' id='word_1_156' title='bbox 817 3486 853 3543; x_wconf 89' lang='lat' dir='ltr'><strong>et</strong></span> <span class='ocrx_word' id='word_1_157' title='bbox 875 3471 1007 3543; x_wconf 87' lang='lat' dir='ltr'><strong>robore</strong></span> <span class='ocrx_word' id='word_1_158' title='bbox 1029 3473 1247 3547; x_wconf 88' lang='lat' dir='ltr'><strong>inferiorem.</strong></span> <span class='ocrx_word' id='word_1_159' title='bbox 1270 3482 1427 3576; x_wconf 88' lang='lat' dir='ltr'><strong>Utraque</strong></span> 
     </span>
     <span class='ocr_line' id='line_1_26' title="bbox 349 3571 1428 3687; baseline 0.007 -27"><span class='ocrx_word' id='word_1_160' title='bbox 349 3614 433 3687; x_wconf 84' lang='lat' dir='ltr'><strong>ergo</strong></span> <span class='ocrx_word' id='word_1_161' title='bbox 445 3601 622 3660; x_wconf 83' lang='lat' dir='ltr'><strong>exstructa</strong></span> <span class='ocrx_word' id='word_1_162' title='bbox 639 3587 667 3678; x_wconf 80' lang='lat'><strong>¹,</strong></span> <span class='ocrx_word' id='word_1_163' title='bbox 684 3612 705 3658; x_wconf 90' lang='lat' dir='ltr'><strong>a</strong></span> <span class='ocrx_word' id='word_1_164' title='bbox 718 3601 819 3686; x_wconf 87' lang='lat' dir='ltr'><strong>parte</strong></span> <span class='ocrx_word' id='word_1_165' title='bbox 828 3603 979 3686; x_wconf 89' lang='lat' dir='ltr'><strong>utraque</strong></span> <span class='ocrx_word' id='word_1_166' title='bbox 992 3614 1181 3661; x_wconf 89' lang='lat' dir='ltr'><strong>ascensum</strong></span> <span class='ocrx_word' id='word_1_167' title='bbox 1195 3607 1259 3663; x_wconf 86' lang='lat' dir='ltr'><strong>est.</strong></span> <span class='ocrx_word' id='word_1_168' title='bbox 1274 3571 1428 3668; x_wconf 63' lang='lat' dir='ltr'><strong>Conflic-</strong></span> 
     </span>
     <span class='ocr_line' id='line_1_27' title="bbox 348 3703 1428 3805; baseline 0.006 -25"><span class='ocrx_word' id='word_1_169' title='bbox 348 3725 497 3805; x_wconf 91' lang='lat' dir='ltr'><strong>tumque</strong></span> <span class='ocrx_word' id='word_1_170' title='bbox 509 3703 556 3776; x_wconf 90' lang='lat' dir='ltr'><strong>ah</strong></span> <span class='ocrx_word' id='word_1_171' title='bbox 563 3705 724 3801; x_wconf 84' lang='lat' dir='ltr'><strong>utrisque</strong></span> <span class='ocrx_word' id='word_1_172' title='bbox 732 3706 1012 3803; x_wconf 86' lang='lat' dir='ltr'><strong>promptissime,</strong></span> <span class='ocrx_word' id='word_1_173' title='bbox 1020 3732 1088 3779; x_wconf 88' lang='lat' dir='ltr'><strong>nec</strong></span> <span class='ocrx_word' id='word_1_174' title='bbox 1099 3723 1220 3780; x_wconf 87' lang='lat' dir='ltr'><strong>tamen</strong></span> <span class='ocrx_word' id='word_1_175' title='bbox 1231 3711 1306 3784; x_wconf 93' lang='lat' dir='ltr'><strong>ullo</strong></span> <span class='ocrx_word' id='word_1_176' title='bbox 1316 3714 1428 3786; x_wconf 82' lang='lat' dir='ltr'><strong>modo</strong></span> 
     </span>
     <span class='ocr_line' id='line_1_28' title="bbox 349 3819 1428 3926; baseline 0.009 -32"><span class='ocrx_word' id='word_1_177' title='bbox 349 3823 495 3894; x_wconf 89' lang='lat' dir='ltr'><strong>cedunt.</strong></span> <span class='ocrx_word' id='word_1_178' title='bbox 514 3819 586 3893; x_wconf 81' lang='lat' dir='ltr'><strong>Rex</strong></span> <span class='ocrx_word' id='word_1_179' title='bbox 601 3845 684 3892; x_wconf 91' lang='lat' dir='ltr'><strong>cum</strong></span> <span class='ocrx_word' id='word_1_180' title='bbox 702 3822 852 3920; x_wconf 82' lang='lat' dir='ltr'><strong>propior</strong></span> <span class='ocrx_word' id='word_1_181' title='bbox 865 3824 976 3893; x_wconf 91' lang='lat' dir='ltr'><strong>muris</strong></span> <span class='ocrx_word' id='word_1_182' title='bbox 992 3824 1149 3923; x_wconf 87' lang='lat' dir='ltr'><strong>adesset,</strong></span> <span class='ocrx_word' id='word_1_183' title='bbox 1164 3826 1295 3912; x_wconf 48' lang='lat' dir='ltr'><strong>¹fundae</strong></span> <span class='ocrx_word' id='word_1_184' title='bbox 1307 3827 1428 3926; x_wconf 73' lang='lat' dir='ltr'><strong>jac‘ulo</strong></span> 
     </span>
     <span class='ocr_line' id='line_1_29' title="bbox 350 3925 1430 4039; baseline 0.008 -29"><span class='ocrx_word' id='word_1_185' title='bbox 350 3942 385 4011; x_wconf 90' lang='lat' dir='ltr'><strong>in</strong></span> <span class='ocrx_word' id='word_1_186' title='bbox 407 3938 508 4011; x_wconf 89' lang='lat' dir='ltr'><strong>labro</strong></span> <span class='ocrx_word' id='word_1_187' title='bbox 530 3938 713 4034; x_wconf 89' lang='lat' dir='ltr'><strong>superiore</strong></span> <span class='ocrx_word' id='word_1_188' title='bbox 736 3939 913 4010; x_wconf 89' lang='lat' dir='ltr'><strong>sauciatus</strong></span> <span class='ocrx_word' id='word_1_189' title='bbox 927 3955 991 4011; x_wconf 89' lang='lat' dir='ltr'><strong>est.</strong></span> <span class='ocrx_word' id='word_1_190' title='bbox 1011 3942 1120 4038; x_wconf 85' lang='lat' dir='ltr'><strong>Cujus</strong></span> <span class='ocrx_word' id='word_1_191' title='bbox 1135 3925 1354 4039; x_wconf 47' lang='lat' dir='ltr'><strong>injuria,&#39;sui</strong></span> <span class='ocrx_word' id='word_1_192' title='bbox 1375 3965 1430 4019; x_wconf 56' lang='lat' dir='ltr'><strong>ac:</strong></span> 
     </span>
    </p>

    <p class='ocr_par' dir='ltr' id='par_1_7' title="bbox 385 4060 1145 4178">
     <span class='ocr_line' id='line_1_30' title="bbox 385 4060 1145 4178; baseline -0.013 -11"><span class='ocrx_word' id='word_1_193' title='bbox 385 4114 402 4149; x_wconf 79' lang='lat'>*</span> <span class='ocrx_word' id='word_1_194' title='bbox 419 4111 468 4178; x_wconf 85' lang='lat' dir='ltr'><strong>ad,</strong></span> <span class='ocrx_word' id='word_1_195' title='bbox 485 4082 564 4175; x_wconf 81' lang='lat' dir='ltr'><strong>ioris,</strong></span> <span class='ocrx_word' id='word_1_196' title='bbox 577 4060 616 4162; x_wconf 51' lang='grc' dir='ltr'><strong>ω.</strong></span> <span class='ocrx_word' id='word_1_197' title='bbox 613 4110 719 4162; x_wconf 83' lang='lat' dir='ltr'><strong>abscisa.</strong></span> <span class='ocrx_word' id='word_1_198' title='bbox 932 4083 934 4086; x_wconf 22' lang='grc' dir='ltr'>Ι</span> <span class='ocrx_word' id='word_1_199' title='bbox 1144 4083 1145 4090; x_wconf 19' lang='lat'>¹</span> 
     </span>
    </p>
   </div>
   <div class='ocr_carea' id='block_1_7' title="bbox 384 4196 835 4352">
    <p class='ocr_par' dir='ltr' id='par_1_8' title="bbox 384 4196 835 4352">
     <span class='ocr_line' id='line_1_31' title="bbox 384 4196 787 4274; baseline -0.02 -22"><span class='ocrx_word' id='word_1_200' title='bbox 384 4198 418 4236; x_wconf 45' lang='grc' dir='ltr'><strong>ι’</strong></span> <span class='ocrx_word' id='word_1_201' title='bbox 435 4197 490 4251; x_wconf 79' lang='lat' dir='ltr'><strong>ria.</strong></span> <span class='ocrx_word' id='word_1_202' title='bbox 504 4196 536 4247; x_wconf 87' lang='lat' dir='ltr'><strong>rii</strong></span> <span class='ocrx_word' id='word_1_203' title='bbox 552 4197 656 4248; x_wconf 84' lang='lat' dir='ltr'><strong>abscisa.</strong></span> <span class='ocrx_word' id='word_1_204' title='bbox 784 4255 787 4274; x_wconf 26' lang='lat' dir='ltr'>h</span> 
     </span>
     <span class='ocr_line' id='line_1_32' title="bbox 385 4281 835 4352; baseline -0.011 -17"><span class='ocrx_word' id='word_1_205' title='bbox 385 4289 394 4318; x_wconf 91' lang='lat'>¹</span> <span class='ocrx_word' id='word_1_206' title='bbox 414 4281 509 4335; x_wconf 85' lang='lat' dir='ltr'><strong>educta</strong></span> <span class='ocrx_word' id='word_1_207' title='bbox 521 4283 682 4352; x_wconf 72' lang='lat' dir='ltr'><strong>superscripto</strong></span> <span class='ocrx_word' id='word_1_208' title='bbox 695 4291 835 4332; x_wconf 74' lang='lat' dir='ltr'><strong>exstructa.</strong></span> 
     </span>
    </p>
   </div>
   <div class='ocr_carea' id='block_1_8' title="bbox 0 0 1672 5294">
    <p class='ocr_par' dir='ltr' id='par_1_9' title="bbox 0 0 1672 5294">
     <span class='ocr_line' id='line_1_33' title="bbox 0 0 1672 5294; baseline 0 0"><span class='ocrx_word' id='word_1_209' title='bbox 0 0 1672 5294; x_wconf 95' lang='lat' dir='ltr'><strong> </strong></span> 
     </span>
    </p>
   </div>
  </div>
 </body>
</html>
