3324 5298
380 511 439 570 272
739 507 905 570 lllCllElll
929 509 1003 572 blB.
1029 509 1083 569 IV.

618 703 798 766 LXXXVIII.
809 740 845 752 -
853 703 1054 780 Reprehensio*
1069 702 1206 776 repudii*.

400 925 404 932 .
429 869 541 965 Hujus
552 869 693 968 repudii
711 873 839 963 scelos,
862 873 901 944 a'
928 869 1122 961 nonnullis,
1138 869 1199 964 qui
1217 867 1453 966 intelligentiae

379 986 533 1084 purioris
554 987 664 1076 fuere,
693 989 776 1060 satis
794 989 988 1060 laceratum
1006 1009 1050 1058 eo
1072 1001 1235 1084 tempore
1257 985 1334 1075 fuit,
1360 985 1452 1058 clam

380 1119 514 1194 tamen,
531 1129 598 1176 nec
611 1107 747 1204 patenti
768 1105 1020 1202 refragratione
1034 1102 1228 1200 culpatum.

646 1323 796 1380 Lxxxtx„
808 1353 845 1365 -·
856 1322 970 1376 Sinodus
983 1322 1069 1375 Chele
1084 1321 1183 1374 habita.
1231 1401 1241 1410 ἱ

430 1486 543 1581 Hujus
561 1475 731 1586 temporis
754 1485 881 1558 diebus
899 1512 982 1558 cum
1000 1511 1021 1557 a
1041 1511 1134 1584 papa
1156 1508 1307 1556 romano
1331 1489 1357 1554 B
1362 1537 1449 1554 ......

383 1601 558 1675 abdicatio
580 1604 714 1676 Arnulfi
729 1620 765 1675 et
777 1602 958 1702 promotio
977 1602 1141 1675 Gerberti
1154 1599 1316 1700 plurimis
1330 1602 1455 1701 episto-

381 1719 497 1792 larum
523 1722 661 1820 scriptis
693 1721 1013 1812 calumniarentur,
1034 1719 1200 1819 ¹episcopi
1227 1743 1373 1816 quoque
1403 1715 1455 1788 rei

381 1836 589 1933 hujusmodi
602 1827 782 1930 auctores,
799 1838 974 1936 simulque
989 1853 1023 1910 et
1041 1837 1099 1909 alii
1112 1851 1382 1934 cooperatores,
1404 1833 1456 1904 di-

382 1953 492 2023 versis
521 1951 857 2052 reprehensionibus
882 1953 1194 2050 redarguerentur,
1221 1950 1353 2047 placuit
1378 1949 1457 2046 epi-

384 2069 501 2164 scopis
517 2068 639 2140 Galliae
656 2071 694 2140 in
717 2095 830 2141 unum
845 2072 1050 2160 convenire,
1072 2085 1108 2142 et
1124 2093 1231 2167 super
1250 2067 1319 2138 hac
1342 2089 1457 2164 repre·

383 2187 557 2264 hensione
577 2191 775 2263 consulere.
805 2191 944 2278 Quibus
967 2191 1083 2263 Chelae
1110 2189 1288 2278 collectis,
1309 2187 1456 2259 sinodus

383 2304 505 2378 habita
522 2321 586 2379 est.
608 2307 674 2379 Cui
695 2333 756 2379 rex
777 2307 967 2380 Rotbertus
980 2309 1163 2405 praesedit,
1189 2304 1457 2380 considentibus

385 2424 680 2523 metropolitanis,
696 2424 872 2497 Gerberto
886 2425 1065 2517 Remensi,
1081 2427 1139 2497 cui
1153 2440 1229 2497 tota
1243 2422 1458 2496 sinodalium

384 2554 572 2612 causarum
605 2542 695 2613 ratio
727 2542 949 2614 discutienda
975 2544 1166 2614 commissa
1193 2541 1271 2633 fuit,
1311 2540 1457 2638 Signino

384 2681 530 2753 quoque
547 2658 764 2748 Senonensi,
790 2657 1051 2730 Erchembaldo
1066 2659 1257 2748 TuronicO,
1287 2656 1458 2728 Daiberto
1561 2655 1564 2664 '

385 2773 604 2860 Bituricensi,
628 2772 775 2871 aliisque
788 2773 922 2846 horum
940 2775 1291 2874 comprovintialibus
1308 2771 1460 2847 nonnul·

386 2888 440 2959 lis.
462 2894 501 2958 In
516 2912 587 2986 qua
607 2871 800 2988 postquam
820 2916 863 2986 ex
885 2896 1029 2991 Petrum
1055 2892 1206 2966 decretis
1231 2893 1386 2965 rationes
1412 2889 1458 2962 de

386 3020 479 3077 statu
500 3021 628 3092 sanctae
647 3007 810 3080 aecclesiae
840 3010 1135 3109 promulgarunt,
1164 3011 1256 3098 inter
1285 3009 1459 3082 nonnulla

387 3121 496 3211 utilia,
515 3124 682 3195 constitui
701 3140 736 3196 et
749 3124 912 3198 roborari
929 3127 1073 3228 placuit,
1094 3142 1135 3200 ut
1151 3127 1198 3198 ab
1210 3153 1251 3204 ea
1271 3127 1342 3218 die,
1364 3127 1459 3198 idem

386 3240 569 3337 sentirent,
596 3238 693 3312 idem
719 3241 864 3333 vellent,
894 3242 991 3315 idem
1018 3259 1309 3343 cooperarentur,
1334 3268 1460 3316 secun-

387 3356 475 3427 dum
492 3357 529 3427 id
538 3356 639 3454 ¹quod
652 3358 827 3456 scriptum
842 3365 894 3431 est
910 3388 917 3429 :
935 3365 1030 3431 Erat
1039 3363 1090 3432 eis
1100 3387 1161 3432 eor
1171 3387 1280 3432 urtam
1294 3378 1328 3434 et
1338 3363 1460 3432 anima

387 3499 469 3543 aare.
485 3476 638 3544 Decerni
650 3490 686 3546 et
699 3474 787 3546 illud
800 3476 959 3564 ¹voluere,
976 3493 1016 3547 ut
1027 3479 1056 3548 si
1071 3480 1104 3549 in
1121 3478 1278 3577 qualibet
1290 3478 1456 3566 aecclesia,

387 3617 621 3689 quaecumque
644 3594 792 3665 tirannis
815 3611 1023 3692 emergeret,
1049 3623 1128 3694 quae
1142 3598 1214 3670 telo
1229 3596 1460 3669 anathematis

387 3709 545 3780 ferienda
561 3709 574 3746 ²
595 3709 788 3800 videretur,
805 3711 843 3782 id
857 3712 1019 3810 inprimis
1036 3713 1082 3784 ab
1096 3714 1265 3786 omnibus
1277 3711 1460 3804 consulen-

388 3825 488 3916 dum,
512 3841 546 3898 et
560 3827 610 3897 sic
624 3828 818 3900 communi
831 3825 976 3900 decreto
990 3830 1215 3925 agitandum3
1243 3846 1278 3903 et
1296 3829 1358 3927 qui
1379 3851 1460 3899 ana·

387 3941 544 4014 themate
570 3941 751 4013 relaxandi
771 3937 891 4015 forent*
901 3998 910 4032 ,
930 3942 1075 4046 decreto
1096 3946 1281 4017 communi
1304 3941 1460 4016 similiter

424 4138 439 4171 *¹
457 4141 510 4204 Re,
523 4158 551 4191 re
563 4141 667 4195 abscisa.

425 4225 432 4253 ⁸
453 4242 487 4274 att
503 4223 590 4276 codex.

423 4305 435 4337 ²
451 4306 597 4376 jugulanda
609 4327 672 4359 corr.
686 4307 813 4361 ferienda.
