3314 5294
337 513 377 574 78
702 505 870 572 uterium
892 505 968 570 tls.
991 505 1052 568 111.

339 671 357 712 a
375 642 502 740 juncto
521 639 665 712 animali
685 639 861 713 rationali.
888 643 1095 736 »Cumque
1121 635 1239 708 verbis
1268 651 1305 710 et
1334 657 1416 708 aen·

337 759 455 831 tentiis
464 758 617 828 nimium
630 757 775 846 flueret,
796 772 832 829 et
849 755 969 828 adhuc
985 755 1054 827 alia
1068 755 1077 792 ⁴
1097 753 1216 827 dicere
1229 769 1371 853 pararet
1384 754 1414 845 ²,

336 881 476 979 augusti
489 895 580 952 nutu
592 879 823 979 disputationi
839 877 920 953 finis
937 877 1087 976 injectus
1106 889 1179 967 est,
1202 875 1362 976 eoquod
1382 891 1418 949 et

336 997 435 1072 diem
454 1019 548 1097 pene
567 997 606 1069 in
626 995 684 1069 his
707 1009 825 1068 totum
854 1009 1144 1086 consumserant,
1170 1009 1206 1066 et
1233 993 1418 1067 audientes

336 1113 477 1214 prolixa
502 1129 610 1212 atque
632 1113 806 1186 continua
832 1112 1027 1212 disputatio
1051 1111 1128 1210 jam
1157 1107 1337 1209 fatigabat.
1365 1108 1418 1182 Ab

337 1244 488 1330 augusto
515 1231 635 1329 itaque
660 1228 856 1303 Gerbertus
880 1231 1019 1329 egregie
1039 1229 1216 1320 donatus,
1242 1252 1327 1301 cum
1351 1251 1417 1298 suo

337 1349 617 1449 metropolitano
635 1349 674 1420 in
691 1347 823 1421 Gallias
840 1347 958 1421 clarus
974 1347 1157 1420 remeavit.

508 1539 610 1593 LXVI.
622 1565 659 1580 -
669 1537 785 1593 Sinodus
799 1537 873 1611 apud
887 1551 1005 1594 sanetauu
1015 1538 1137 1610 Magram
1147 1537 1248 1592 habita.

385 1681 525 1754 Eodem
544 1696 707 1780 tempore
725 1687 853 1754 Emma
869 1682 882 1720 ⁸
899 1685 1022 1781 regina
1034 1697 1070 1754 et
1082 1682 1260 1755 Adalbero
1278 1681 1420 1756 laudu-

336 1803 457 1875 nensis
480 1803 670 1902 episcopus
693 1803 843 1874 infames
878 1805 993 1903 stupri
1032 1802 1342 1894 criminabantur3
1380 1803 1419 1875 id

336 1927 458 1986 tamen
500 1913 652 1986 latenter
680 1911 955 2002 intendebatur,
989 1913 1122 1986 nullius
1148 1913 1336 1997 manifesto
1365 1912 1420 1984 in·

337 2031 507 2103 tentionis
533 2045 634 2104 teste.
668 2031 739 2103 Sed
764 2032 849 2129 quia
873 2055 1063 2132 suppresse
1090 2031 1228 2104 dictum
1263 2030 1310 2104 ad
1342 2055 1420 2102 om·

335 2148 438 2218 nium
467 2171 571 2220 aures
594 2146 804 2256 devenerat,
839 2148 1016 2248 episeopis
1047 2149 1165 2222 visum
1192 2163 1246 2222 est
1279 2147 1317 2219 id
1341 2173 1419 2220 esse

335 2267 621 2360 discutiendum,
655 2290 702 2340 ne
728 2268 835 2341 frater
859 2284 894 2341 et
921 2271 1157 2370 coepiscopus
1182 2293 1310 2342 eorum
1332 2270 1420 2343 infa-

337 2385 416 2456 miae
450 2399 557 2456 tantae
594 2383 820 2458 subderetur.
868 2390 895 2457 Α
929 2386 1134 2486 supradicto
1170 2411 1256 2484 ergo
1287 2402 1420 2459 metro—

335 2500 498 2600 politano
544 2501 697 2573 collecta
742 2516 795 2575 est
835 2502 1090 2602 episcoporum
1126 2503 1276 2575 sinodus
1321 2502 1419 2602 apud

336 2629 496 2689 sanctam
534 2619 716 2716 Magram,
754 2617 877 2689 locum
915 2621 1110 2691 Remorum
1147 2619 1415 2691 diocesaneum.

336 2733 645 2833 Considentesque
669 2749 705 2806 et
727 2757 879 2832 quaeque
902 2735 1002 2808 utilia
1022 2750 1299 2836 pertractantes,
1322 2750 1420 2835 post·

337 2875 447 2949 quam
464 2845 813 2951 metropolitanus.

353 3129 468 3216 tm.
482 3189 520 3205 -—·
530 3163 636 3216 Ottonia
650 3165 786 3236 promotio
797 3165 826 3218 in
838 3165 952 3236 regem*l
962 3163 1035 3238 per*
1053 3165 1226 3220 Germanos*
1236 3179 1263 3221 et
1273 3167 1400 3239 Belgan*.

385 3315 471 3382 Post
496 3309 636 3382 obitum
664 3307 792 3398 domni
823 3313 979 3405 Ottonis,
1012 3315 1282 3386 Germanorum
1303 3316 1413 3413 regis,

333 3427 411 3524 ejus
431 3427 526 3500 filius
546 3432 655 3519 Otto,
677 3453 699 3500 a
721 3431 910 3502 Germanis
926 3429 1112 3530 Belgisque
1138 3457 1201 3504 rex
1224 3449 1364 3505 oreatus
1379 3433 1415 3522 ⁵„

337 3545 617 3645 rempublicam
646 3562 791 3621 strenue
820 3563 928 3646 atque
959 3549 1093 3622 utiliter
1124 3552 1412 3644 amministravit3

335 3665 390 3744 vir
407 3665 529 3762 magni
546 3665 698 3762 ingenii,
721 3666 903 3765 totiusque
921 3668 1079 3758 virtutis,
1105 3668 1307 3746 liberalium
1323 3669 1417 3744 litte·

370 3847 387 3884 *¹
404 3846 433 3901 in
445 3865 550 3920 regem,
565 3868 624 3921 per,
638 3869 686 3917 oa,
700 3869 742 3914 aa,
757 3850 825 3904 abac.

372 3933 381 3964 ⁸
402 3946 473 3987 nova
485 3951 549 3985 corr.
562 3932 624 3987 alia.

371 4017 383 4048 ¹
401 4033 495 4070 omnes
505 4029 688 4089 exspectarent
699 4037 765 4071 corr.
778 4017 866 4072 dicae
876 4032 991 4092 pararat.

372 4099 384 4130 ⁸
402 4099 435 4152 E.
454 4101 490 4152 lt.
504 4111 531 4152 et
544 4099 632 4154 adt..
648 4100 737 4155 codar.

371 4183 383 4215 ⁴
400 4183 440 4236 lu'o
448 4203 512 4260 pene
526 4203 576 4237 uua
588 4187 678 4240 etalio
687 4187 774 4260 plum
782 4190 894 4257 sonasse
906 4190 979 4244 liaeoe
993 4193 1081 4245 earisoe
1091 4204 1158 4245 sunt.

370 4269 384 4298 ⁸
402 4267 516 4324 elevatus
530 4287 594 4322 corr.
609 4283 720 4326 ereattu.
