3320 5296
363 483 423 540 160
724 479 890 542 arcuum
913 477 988 541 LIB.
1014 479 1068 538 lV.

357 637 433 684 non
460 626 556 704 recte
586 635 691 708 posse
720 614 859 684 creari·
894 613 986 684 duos
1004 595 1102 709 reges
1118 612 1156 682 in
1184 610 1314 682 eodem
1337 635 1435 682 anno

359 727 614 826 responderet,
636 711 694 799 ille
716 754 801 801 mox
816 729 1003 827 epistolam
1021 728 1151 800 aduce
1172 727 1343 798 citerioris
1358 728 1438 798 His·

357 844 473 940 paniae
486 842 644 914 Borrello
658 843 803 934 missam
821 842 985 943 protulit,
1005 867 1083 940 quae
1103 842 1233 914 ducem
1255 856 1439 941 petentem

360 959 524 1056 suffragia
541 975 666 1030 contra
687 959 1069 1033 barbarosindicabat.
1088 963 1165 1030 Jam
1187 959 1295 1031 etiam
1313 959 1439 1056 Hispa·

360 1076 427 1145 niae
448 1081 598 1173 paltem‘
612 1075 776 1146 hostibus
802 1100 895 1174 pene
920 1091 1158 1175 expugnatam
1183 1074 1380 1161 asserebat,
1402 1089 1441 1146 et

360 1193 430 1263 nisi
447 1195 540 1264 intra
554 1218 695 1264 menses
719 1191 844 1264 decem
865 1193 986 1291 copias
1003 1219 1025 1264 a
1043 1192 1151 1264 Gallis
1170 1192 1339 1289 accipiat,
1357 1191 1442 1261 bar-

360 1308 455 1380 baris
469 1325 582 1380 totam
603 1309 641 1379 in
659 1309 881 1380 deditionem
900 1305 1138 1380 transituram.
1161 1307 1307 1380 Petebat
1320 1307 1442 1402 itaque

358 1425 512 1496 alterum
531 1449 651 1522 regem
669 1426 800 1515 creari,
821 1405 861 1495 ut
878 1426 908 1495 si
934 1424 1062 1496 bellico
1081 1423 1263 1496 tumultu²
1283 1423 1443 1494 duorum

361 1543 451 1615 alter
472 1543 678 1633 decideret,
708 1543 754 1614 de
779 1543 940 1642 principe
965 1551 1039 1613 non
1058 1541 1236 1612 diffideret
1252 1540 1438 1612 exercitus.

361 1662 452 1733 Fieri
483 1686 629 1759 quoque
664 1660 842 1733 asserebat
865 1673 992 1757 posse,
1027 1679 1112 1757 rege*
1140 1660 1372 1757 interemptu,
1406 1671 1444 1727 et

362 1779 477 1876 patria
494 1777 673 1867 desolata,
691 1779 885 1876 primatum
898 1777 1133 1867 discordiam,
1150 1800 1344 1875 pravorum
1357 1797 1444 1844 con-

361 1905 417 1988 tra
434 1895 551 1968 bonos
576 1894 815 1985 tirannidem,
848 1909 884 1965 et
906 1894 994 1968 *inde
1019 1894 1127 1965 totius
1152 1895 1266 1990 gentis
1293 1890 1442 1990 captivi-

363 2027 484 2086 tatem.
928 2031 930 2036 ’

604 2117 685 2194 xm.
700 2149 737 2161 -·
748 2121 884 2173 Promotio
899 2120 1021 2173 Rotberti
1033 2119 1062 2184 in
1075 2137 1196 2191 regnum.

413 2243 709 2344 Metropolitanus
722 2247 772 2317 sic
785 2271 891 2346 posse
904 2245 983 2317 fieri
996 2246 1208 2344 intelligam,
1225 2244 1327 2316 dictis
1340 2246 1445 2342 regiis

324 2453 327 2460 ⁴
365 2365 480 2436 cessit.
508 2368 560 2434 'Et
587 2363 670 2460 quia
685 2378 786 2434 tuno
811 2365 847 2434 in
875 2364 1057 2462 nativitate
1083 2362 1230 2434 Domini
1251 2387 1445 2459 regnorum

364 2481 542 2580 principes
560 2495 802 2562 convenerant
820 2480 867 2551 ad
885 2479 1140 2552 celebrandum
1165 2480 1268 2577 regiae
1292 2502 1445 2550 corona·

365 2599 472 2669 tionis
488 2598 686 2688 honorem,
721 2598 757 2667 in
781 2597 926 2682 basilica
944 2603 1072 2669 sanctae
1090 2598 1212 2671 Crucis
1231 2597 1306 2692 ejus
1332 2595 1447 2666 lilium
1540 2642 1544 2651 ·

366 2714 747 2786 Rothertum'Francis
773 2713 1001 2804 laudantibus
1030 2730 1175 2814 accepta
1198 2737 1357 2812 purpura
1373 2712 1446 2785 sol·

366 2830 556 2927 lempniter
573 2829 778 2918 coronavit,
796 2845 831 2901 et
843 2855 865 2900 a
881 2834 981 2901 Mosa
999 2831 1109 2902 fluvio
1129 2856 1242 2928 usque
1262 2835 1448 2920 Oceanum

367 2945 648 3018 occidentalibus
666 2971 786 3042 regem
812 2947 968 3044 praefecit
996 2964 1030 3019 et
1054 2949 1253 3038 ordinavit;
1275 2962 1372 3018 tanta
1393 2947 1447 3016 in-

301 3097 303 3102 ·
366 3063 503 3135 dustria
517 3079 622 3159 atque
641 3055 797 3134 sollertia
818 3064 973 3156 clarum,
994 3081 1034 3136 ut
1053 3082 1089 3137 et
1106 3066 1144 3135 in
1162 3065 1268 3137 rebus
1290 3064 1449 3135 militari-

368 3179 436 3282 bus
454 3180 668 3277 piraecelleret
681 3213 699 3269 ,¹
713 3193 748 3250 et
771 3180 900 3251 divinis
925 3207 966 3252 ac
989 3181 1171 3280 canonicis
1194 3181 1360 3252 institutis
1378 3179 1448 3252 cla·

366 3299 525 3369 rissimus
551 3296 763 3388 haberetur,
792 3298 996 3396 liberalibus
1023 3299 1147 3371 studiis
1178 3297 1399 3394 incomberet
1415 3297 1445 3388 ³,

369 3417 630 3521 episcoporum⁸
641 3415 748 3486 etiam
769 3416 904 3487 sinodis
922 3418 1106 3488 interesset
1115 3470 1131 3507 ,.
1147 3431 1182 3488 et
1194 3442 1278 3487 cum
1295 3417 1346 3488 eis
1364 3441 1447 3488 cau-

367 3525 426 3606 sas
438 3527 698 3609 aecclesiasticas
718 3520 910 3606 discuteret
927 3561 968 3626 ac
986 3535 1248 3607 determinaret.

530 3697 606 3748 XIV.
620 3728 657 3738 —
668 3697 829 3768 Conquestio
841 3699 934 3751 Karoli
950 3698 1023 3771 apud
1034 3700 1132 3753 amicos
1143 3700 1177 3754 de
1187 3718 1281 3772 regno·
1336 3723 1340 3730 ·

420 3825 558 3894 Interea
575 3823 724 3894 Karolus
742 3807 839 3922 apud
858 3825 991 3912 amicos
1014 3840 1052 3904 ,et
1069 3841 1240 3923 cognatos
1257 3840 1359 3896 motu
1373 3846 1450 3920 gra-

373 3941 517 4012 vissimo
545 3940 723 4014 movebat¹
740 3942 943 4038 querelam,
969 3956 1075 4039 atque
1100 3945 1138 4015 in
1167 3943 1221 4015 sui
1243 3941 1451 4037 suffragium

410 4111 419 4140 ¹
437 4107 556 4162 ordinari
569 4129 632 4160 corr.
646 4109 739 4161 creari.

409 4181 421 4280 ζ
439 4179 460 4231 si
474 4180 502 4230 in
515 4181 585 4232 bello
597 4181 734 4252 hispanico
747 4178 838 4232 deleta.
851 4177 855 4180 ’
875 4239 877 4244 Υ

440 4270 484 4300 ser.
