3320 5296
349 565 408 630 154
706 545 874 627 arcuum
896 565 972 627 sm.
996 567 1052 625 ιν.

870 756 906 808 X.

394 913 588 1005 Postquam
606 908 756 982 llarolus
782 909 893 982 finem
917 910 1149 1008 querimonia,
1166 908 1263 1000 iecit,
1288 925 1422 984 metro·

344 1025 524 1124 politanus
541 1028 663 1099 animo
689 1027 891 1099 immobili*
916 1030 1125 1128 persistens,
1158 1051 1273 1127 pauca
1298 1029 1424 1100 admo·

344 1140 433 1212 dum
462 1142 495 1212 ei
525 1141 742 1240 respondit:
770 1173 788 1211 α
814 1147 905 1216 Cum
929 1143 1131 1241 »inquiens
1161 1172 1179 1211 o
1207 1143 1356 1242 perjuris
1387 1159 1424 1215 et

347 1258 582 1354 «sacrilegis,
612 1257 759 1355 aliisque
782 1259 925 1331 nefariis
955 1259 1162 1332 hominibus
1185 1260 1262 1358 ipse
1283 1283 1424 1359 semper

348 1402 366 1440 a
388 1373 530 1446 deditus
544 1373 668 1465 fueris,
685 1399 753 1446 nec
767 1374 877 1452 abeis
890 1375 1008 1448 adhuc
1022 1375 1203 1449 discedere
1213 1377 1320 1467 velis,
1334 1403 1425 1474 quo·

348 1517 365 1556 a
388 1490 499 1563 modo
517 1516 582 1590 per
595 1490 682 1563 tales
695 1508 730 1563 et
747 1517 832 1563 cum
844 1491 973 1565 talibus
991 1493 1037 1564 ad
1050 1493 1289 1593 principatum
1302 1495 1425 1565 venire

348 1634 366 1674 t<
388 1606 550 1678 moliris?
569 1637 587 1675 n
609 1607 662 1679 Ad
683 1607 760 1678 haec
777 1609 909 1681 Karolo
932 1610 1196 1708 respondente,
1217 1635 1293 1681 non
1319 1635 1426 1709 opor·

347 1739 421 1796 tere
438 1751 514 1797 sese
545 1707 629 1797 suos
658 1724 843 1816 deserere,
870 1726 934 1799 sed
956 1731 1075 1826 potius
1101 1729 1189 1800 alios
1216 1728 1423 1826 adquirere,

347 1842 536 1941 episcopus
549 1843 644 1913 intra
656 1866 693 1913 se
712 1842 951 1940 recogitabat:
970 1849 1093 1916 «Cum
1108 1874 1126 1912 r
1141 1846 1306 1942 inquiens
1320 1875 1338 1914 r<
1352 1870 1427 1916 om·

349 1990 366 2026 α
389 1960 490 2030 nium
508 1959 721 2056 dignitatum
739 1984 837 2030 nunc
855 1985 979 2057 egens,
1002 1962 1120 2058 pravis
1143 1961 1344 2060 quibusque
1362 1987 1426 2032 an·

350 2105 367 2142 a
388 2100 502 2147 nexus
519 2090 584 2165 est,
601 2100 759 2172 quorum
772 2076 934 2164 sotietate
951 2076 1051 2148 nullo
1070 2077 1182 2148 modo
1196 2101 1317 2148 cerem
1329 2077 1424 2167 vult,

351 2221 369 2258 u
389 2193 426 2261 in
438 2207 610 2292 quantam
623 2191 812 2290 pernitiem
825 2191 1008 2264 bonorum
1026 2207 1134 2284 esset,
1155 2197 1184 2262 si
1202 2191 1333 2264 electus
1344 2217 1426 2290 pro-

351 2337 369 2374 α
391 2308 533 2381 cederet
549 2310 586 2380 in
599 2305 726 2380 lascesl
741 2335 759 2374 »
774 2309 934 2380 Tandem
946 2310 1021 2381 sine
1033 2310 1236 2408 principum
1249 2333 1427 2380 consensu

350 2449 388 2495 se
406 2427 602 2524 superboc
621 2424 709 2496 nihil
728 2423 904 2497 iacturum
925 2415 1166 2525 respondens,
1187 2425 1293 2498 abeo
1312 2425 1432 2496 dimo.

349 2558 405 2614 tus
424 2559 487 2615 est.

577 2735 627 2786 XI.
641 2735 777 2788 -Oratio
788 2736 805 2770 *
817 2735 1040 2806 metropolitani*
1054 2752 1105 2804 pro
1119 2732 1196 2786 duce.

399 2887 550 2960 Karolus
568 2914 631 2986 spe
649 2890 749 2986 regni
767 2888 953 2978 decidens,
975 2889 1097 2960 animo
1110 2886 1277 2975 turbato,
1293 2887 1331 2957 in
1351 2885 1429 2957 Bel-

350 3007 465 3102 gicam
484 3006 550 3076 iter
568 3004 729 3077 dimovit.
754 3010 917 3077 Preterea
935 3020 1098 3102 tempore
1115 3004 1328 3093 constituto,
1348 3003 1431 3073 Gal·

350 3122 479 3194 liarum
492 3123 670 3221 principes
685 3123 814 3219 jurati,
829 3122 1020 3193 Silvanecti.
1030 3121 1170 3192 collecti
1183 3135 1277 3193 sunt.
1292 3119 1430 3208 Quibus

350 3239 387 3310 in
406 3241 505 3310 curia
526 3237 784 3329 residentibus,
801 3238 892 3309 duce
916 3253 1117 3327 annuente,
1133 3237 1431 3336 metropolitanus

347 3357 397 3429 sic
410 3355 550 3428 locutus
563 3372 616 3428 est
630 3383 638 3426 :
656 3384 676 3424 u
689 3357 786 3426 Divae
799 3353 980 3426 memoriae
994 3353 1007 3390 ²
1024 3353 1207 3425 Ludovico
1221 3355 1298 3426 sine
1310 3353 1431 3424 liberis

354 3475 474 3548 «orbi
502 3475 514 3512 ³
550 3474 751 3566 subtracto,
783 3473 1009 3572 querendum
1037 3473 1149 3544 multa
1176 3472 1433 3545 deliberatione

355 3627 374 3667 u
394 3598 461 3668 fuit
473 3599 535 3695 qui
553 3598 629 3694 ejus
640 3598 735 3670 vices
748 3598 785 3669 in
797 3622 909 3696 regno
922 3595 1121 3696 suppleret,
1135 3620 1252 3667 neres
1266 3594 1428 3695 publica,

355 3744 374 3785 u
394 3715 529 3813 absque
549 3715 786 3813 gubernatore
811 3714 993 3811 neglecta,
1021 3713 1303 3786 labefactaretur.
1327 3711 1433 3783 Unde

356 3861 374 3901 t(
394 3850 431 3906 et
447 3833 655 3930 hujusmodi
673 3834 856 3931 negotium
869 3857 985 3932 nuper
998 3832 1120 3904 diferri
1138 3831 1224 3904 utile
1245 3831 1430 3920 duximus,

390 4077 404 4192 ἴ
414 4075 522 4211 ιΟἴη
537 4074 643 4126 abscisa.
697 4161 702 4171 .
801 4159 807 4171 ³
903 4157 929 4170 ..

419 4161 466 4212 obs
488 4172 550 4212 nato
561 4171 728 4232 supraposito
741 4160 782 4212 vel
800 4160 931 4212 immobili
945 4157 1032 4210 codes.

390 4247 401 4277 ¹
421 4245 455 4296 D.
475 4245 516 4296 Μ.
529 4243 585 4296 cod.

390 4332 400 4364 ³
419 4330 452 4381 ab
465 4329 515 4384 hac
527 4330 580 4382 vita
593 4348 655 4381 corr.
674 4328 744 4380 orbi.
815 4343 818 4350 ·
