3314 5294
323 497 382 553 100
683 495 851 557 RlCHERl
874 498 947 563 LlB.
973 498 1031 561 lll.

323 653 340 690 a
363 627 442 695 Non
470 625 567 696 enim
585 649 649 696 vos
677 624 763 698 latet
790 643 925 726 quanta
950 629 1141 703 subtilitate
1162 631 1237 703 doli
1268 633 1398 706 Lotba·

322 742 434 812 «rius
461 766 524 813 rex
548 743 733 814 incautum
760 769 818 816 me
846 744 1027 836 fefellerit,
1058 773 1142 818 curn
1172 748 1307 847 absque
1338 776 1398 822 me

321 887 339 925 «
361 859 486 929 Ottoni
507 859 728 931 reconciliari
746 859 899 932 voluerit
922 861 1125 961 feceritque.
1147 865 1211 937 Cui
1235 882 1398 938 amente

321 1005 339 1043 α
360 977 503 1074 penitus
517 978 683 1068 excessit,
699 1003 809 1076 quam
824 977 960 1050 liberali
980 981 1101 1052 animo
1114 997 1290 1078 quantum
1306 984 1399 1082 peri·
1472 996 1476 1004 '

321 1123 338 1162 «
360 1089 482 1165 culum
509 1119 692 1193 aggressus
719 1096 807 1186 sim,
849 1121 932 1168 cum
956 1122 1022 1195 per
1046 1123 1105 1169 me
1121 1098 1264 1180 hostem
1281 1124 1399 1197 nuper

321 1240 338 1278 a
360 1209 549 1308 fugaverit,
565 1212 743 1310 Belgicam
756 1238 902 1310 quoque
916 1213 1112 1311 insignibus
1126 1214 1272 1287 sublatis
1285 1215 1398 1287 hosti·

320 1357 336 1394 a
359 1326 452 1404 libus
476 1328 705 1399 subaraverit.
724 1328 821 1415 Quid
841 1353 926 1425 ergo
945 1331 1020 1429 spei
1036 1329 1182 1402 ulterius
1196 1347 1395 1428 expectem,

320 1471 338 1509 a
360 1467 444 1514 cum
458 1443 544 1514 dolo
559 1442 669 1515 fidem
681 1443 889 1542 abruperit?
908 1473 925 1511 u

399 1633 555 1692 LXXXIII.
572 1665 608 1682 ·-·
620 1641 810 1693 Declamatio*
823 1640 899 1710 qua*
912 1641 952 1693 usi
965 1655 1026 1694 aunt
1038 1640 1110 1712 apud
1123 1641 1219 1695 ducem
1230 1642 1247 1678 *
1260 1644 1310 1695 sui.
1324 1601 1325 1604 ¹

368 1798 423 1870 ld
434 1797 511 1871 haec
522 1799 712 1900 primates:
732 1831 749 1870 a
761 1805 841 1871 Non
854 1801 971 1873 solum
985 1781 1166 1892 novimus,
1182 1831 1200 1870 u
1216 1804 1396 1901 inquiunt,

319 1948 337 1986 κ
359 1917 500 2016 quantis
517 1916 684 2016 periculis
704 1918 894 1990 nobiscum
912 1945 979 2018 pro
998 1919 1167 1992 Lothario
1187 1946 1271 2018 rege
1293 1937 1402 2020 caput

319 2030 556 2126 «objeceris,
580 2056 706 2103 verum
728 2058 875 2130 quoque
902 2049 1038 2130 quanto
1064 2033 1270 2106 discrimine
1300 2035 1401 2107 clari·

319 2175 337 2214 «
360 2148 449 2219 tudo
462 2163 525 2220 tua
545 2148 664 2220 adhuc
678 2165 804 2246 patens
822 2150 882 2230 sit,
898 2151 946 2237 si,
970 2165 1010 2221 ut
1023 2150 1117 2221 fama
1130 2166 1195 2242 est,
1212 2151 1287 2222 duo
1300 2176 1401 2248 reges

319 2294 337 2333 «
359 2281 486 2337 contra
499 2281 534 2336 te
548 2266 843 2364 conspiraverint.
858 2271 948 2337 Nam
958 2267 988 2337 si
1000 2267 1287 2338 contraalterum
1302 2292 1402 2338 exer·

318 2409 336 2448 a
359 2382 471 2453 citum
484 2407 552 2480 pro
566 2382 777 2454 defensione
790 2381 961 2472 moliaris,
979 2382 1105 2454 ambos
1119 2399 1246 2456 contra
1260 2399 1295 2455 te
1315 2410 1401 2457 mox

318 2527 335 2564 a
357 2513 447 2569 stare
464 2499 637 2569 invenies.
655 2500 691 2568 Si
705 2513 833 2570 contra
848 2497 974 2570 ambos
988 2499 1086 2570 nisus
1102 2499 1228 2590 fueriS,
1246 2500 1402 2598 plurima

319 2644 336 2682 a
359 2613 592 2686 incommoda
608 2616 791 2686 incurrere
813 2640 959 2686 necesse
972 2630 1044 2706 est,
1063 2617 1262 2712 equitatum
1276 2617 1403 2688 intole-

320 2761 337 2800 ι(
359 2730 522 2821 rabilem,
537 2731 684 2802 insidias
694 2730 921 2831 multiplices,
937 2731 1105 2832 incendia
1113 2747 1220 2830 atque
1239 2735 1397 2832 rapinas,

319 2879 337 2916 α
360 2863 408 2940 et,
427 2848 528 2946 quod
539 2849 737 2947 pessimum
751 2864 817 2938 est,
829 2847 983 2920 nefarios
994 2848 1098 2919 infidi
1112 2849 1209 2946 vulgi
1223 2875 1400 2941 rumores,

320 2995 338 3034 «
360 2967 510 3063 quinon
522 2979 648 3036 conua
660 2963 881 3036 adversarios
894 2989 963 3038 nos
977 2989 1142 3036 exercere
1157 2965 1403 3037 defensionem

321 3111 339 3150 α
361 3081 540 3179 loquetur,
566 3094 602 3151 at
621 3081 659 3151 in
680 3079 876 3153 rebellione
896 3096 1023 3153 contra
1047 3107 1169 3179 regem
1196 3083 1404 3154 temerarios

322 3230 340 3264 a
361 3215 469 3297 atque
495 3198 660 3297 perjuros
688 3213 781 3269 stare
816 3196 1103 3269 calumniabitur.
1134 3200 1192 3269 Sic
1220 3198 1403 3270 etiamad

322 3347 340 3385 α
362 3340 610 3415 quoscumque
629 3314 802 3387 accedere
820 3339 925 3414 posse
943 3316 1161 3405 mencietur,
1183 3331 1223 3388 ut
1241 3316 1316 3386 sine
1340 3315 1402 3386 de-

322 3467 339 3498 a
361 3431 466 3522 licto,
490 3433 566 3504 sine
582 3430 731 3530 perjurii
749 3430 936 3528 sacrilegio
949 3455 971 3501 a
983 3430 1140 3502 dominis
1159 3429 1352 3520 recedant,
1369 3445 1405 3502 et

323 3579 340 3616 «
362 3564 490 3621 contra
502 3547 583 3620 illos
604 3562 812 3645 arroganter
825 3548 980 3618 cervices
995 3548 1169 3619 attollant.
1186 3548 1299 3643 Hujus
1313 3549 1405 3646 peri-

322 3697 341 3737 ι(
363 3666 434 3738 culi
444 3680 643 3738 extremum
651 3665 780 3736 etutile
791 3665 982 3758 consilium
992 3665 1097 3736 nobis
1106 3664 1260 3756 videtur,
1271 3679 1312 3735 ut
1321 3690 1405 3736 cum

324 3813 342 3850 ιι
363 3783 438 3854 duo
453 3797 578 3854 contra
592 3806 659 3852 nos
675 3781 859 3877 conjuncti
872 3781 961 3872 sint,
977 3781 1078 3853 alteri
1098 3781 1250 3853 alterum
1268 3781 1405 3853 subtra-

324 3929 342 3967 α
362 3897 504 3971 bamus.
523 3896 632 3985 Quod
655 3898 684 3968 si
698 3898 800 3969 alteri
815 3896 904 3968 alter
925 3896 1086 3968 subtrahi
1109 3898 1253 3996 nequit,
1279 3896 1405 3969 saltem

325 4043 342 4082 v
364 4015 400 4084 in
418 4013 615 4084 amiciciam
636 4010 741 4082 nobis
763 4037 890 4084 eorum
910 4012 1063 4083 alterum
1077 4011 1344 4102 devinciamus,
1366 4025 1406 4082 ut

356 4257 372 4292 *
390 4257 446 4323 Dc,
459 4277 512 4327 qu,
525 4257 544 4310 d
557 4257 661 4311 abscisa.
