3320 5296
396 541 453 600 178
751 531 915 596 RICHERI
939 528 1012 601 LlB.
1038 533 1092 596 lV.

389 693 411 741 r
435 696 477 743 ex
491 668 691 742 concubina
707 665 816 759 filius,
843 670 950 767 hujus
969 670 1061 742 sedis
1085 669 1289 768 dignitatem
1308 687 1374 769 per
1400 665 1461 742 stt»

395 811 412 856 r<
434 814 525 887 quos
556 788 617 885 qui
650 785 737 858 mibi
766 789 930 859 assistunt
959 787 1123 886 expetiit3
1157 786 1326 885 quicquid
1356 787 1462 858 nobis

394 932 411 970 t(
433 927 548 1000 nuper
580 901 789 998 derogatum
826 917 879 974 est
912 927 949 974 se
980 903 1226 974 restituturum
1254 901 1456 999 pollicitus;

392 1049 409 1086 α
431 1044 573 1091 necnon
599 1033 634 1090 et
659 1034 784 1089 contra
815 1018 935 1091 hostes
964 1019 1075 1091 multa
1104 1019 1322 1090 moliturum.
1352 1020 1462 1115 Cujus

390 1133 683 1234 «promissiones
707 1149 743 1205 et
766 1133 894 1224 fidem,
922 1134 968 1206 ad
986 1151 1142 1206 vestrum
1169 1133 1303 1206 contuli
1331 1137 1461 1205 exami-

389 1281 406 1320 ι(
427 1253 547 1324 nanda
556 1250 746 1347 juditium,
762 1266 804 1321 ut
820 1265 881 1322 aut
893 1264 1012 1322 vestro
1033 1249 1250 1349 approbetur
1273 1251 1454 1338 examine,

388 1399 405 1438 c
427 1385 489 1440 aut
514 1367 748 1467 improbetur.
777 1367 838 1438 llle
862 1367 1093 1466 petitionibus
1119 1369 1236 1438 instat.
1273 1368 1459 1439 Potestatis

386 1515 403 1554 c
425 1501 548 1557 vcstrae
566 1486 628 1574 sit,
655 1499 776 1560 utrum
800 1484 900 1581 quod
923 1485 1011 1583 petit
1029 1481 1196 1582 accipiat;
1219 1508 1285 1572 nec
1307 1509 1393 1554 vero
1418 1486 1455 1554 in

384 1636 403 1674 «
422 1631 605 1704 quoquam
630 1607 663 1676 ei
679 1631 702 1682 a
718 1630 776 1676 me
800 1605 936 1677 fautum
958 1621 1026 1696 est;
1048 1604 1137 1676 nihil
1156 1606 1261 1676 etiam
1287 1581 1456 1678 delibera·

383 1759 401 1797 α
423 1745 510 1800 turn.
528 1726 708 1824 Quicquid
721 1726 760 1798 id
773 1727 883 1817 foret,
899 1727 986 1798 utile
1001 1726 1086 1798 duxi
1102 1726 1149 1798 ad
1162 1741 1314 1797 vestram
1327 1725 1455 1798 deferri

382 1875 399 1913 t(
421 1845 553 1924 debere
568 1869 775 1933 censuram,
794 1859 833 1914 ut
852 1844 882 1914 si
902 1842 1094 1914 honestum
1116 1840 1194 1931 fiat,
1210 1841 1313 1913 vobis
1330 1842 1456 1913 utilita-

378 1941 548 2034 «temet
571 1959 659 2030 mihi
684 1960 833 2058 gloriam
857 1975 1050 2058 comparet.
1082 1961 1119 2030 Si
1139 1975 1258 2031 autem
1285 1961 1454 2057 pernitio-

375 2110 398 2148 n
420 2104 519 2168 sum,
549 2102 615 2174 ego
649 2076 797 2174 quidem
828 2076 961 2148 nullius
991 2076 1166 2175 perfidiae,
1201 2076 1331 2147 nullius
1356 2077 1450 2167 doli,

377 2227 396 2264 α
419 2194 551 2267 nullius
572 2193 710 2264 fallatiae
734 2193 876 2290 penitus
895 2217 1033 2290 arguar.
1054 2197 1124 2264 Vos
1136 2217 1224 2263 vero
1237 2208 1298 2265 aut
1315 2193 1452 2266 suffecti

378 2343 395 2380 n
417 2310 641 2384 doli'falsam.
658 2309 866 2411 opinionem
891 2334 974 2380 cum
995 2309 1122 2381 doloso
1145 2308 1325 2398 subibitis,
1348 2325 1410 2388 aut
1422 2314 1451 2381 si

374 2459 395 2497 r<
410 2440 492 2502 ⁴'non
502 2482 512 2519 ,
529 2428 566 2498 in
585 2426 804 2498 desertorem
822 2411 950 2496 manus
970 2425 1110 2497 assidue
1124 2427 1301 2497 exseretis.
1322 2455 1339 2492 υ
1367 2453 1369 2460 >

593 2621 672 2678 XXV
673 2589 711 2672 Π.
721 2647 757 2661 -·-
768 2619 940 2692 Responsio*
951 2621 1049 2675 civium
1060 2620 1095 2675 ad
1105 2641 1192 2694 regem
1204 2622 1229 2676 *.
1319 2609 1321 2612 Ι

423 2763 477 2835 ad
490 2763 565 2833 hae'c
585 2753 680 2832 cive's
698 2787 705 2829 :
726 2789 743 2826 α
762 2763 853 2830 Cum
869 2788 886 2825 >t
902 2761 1070 2856 inquiunt
1086 2791 1102 2829 α
1120 2777 1242 2834 vestrae
1260 2764 1451 2859 majestatis

376 2904 395 2949 a
416 2881 535 2968 dono,
565 2875 717 2976 eligendi
744 2876 882 2947 domiui
900 2877 1000 2976 optio
1025 2877 1130 2949 nobis
1152 2878 1234 2950 data
1258 2881 1318 2971 sit,
1338 2881 1451 2954 multa

377 3026 395 3065 c
415 2996 508 3086 fide,
539 2995 653 3066 multo
680 2994 823 3090 ingenio
851 2993 1061 3064 enitendum
1088 3010 1140 3065 est
1159 2995 1194 3084 ⁴,
1226 3011 1321 3068 utet
1347 2999 1450 3096 regiae

377 3143 395 3182 u
414 3113 595 3210 dignitatis
613 3109 796 3206 derogatio
811 3108 909 3180 nulla
928 3108 1008 3200 fiat,
1030 3125 1065 3181 et
1084 3135 1150 3180 nos
1169 3110 1263 3182 falsae
1283 3114 1448 3187 crimina·

376 3261 393 3299 κ
415 3230 521 3303 tionis
539 3243 682 3316 notam,
699 3249 892 3323 casumque
910 3224 1019 3296 futuri
1039 3227 1260 3299 incommodi
1280 3230 1444 3302 vitemus.

375 3371 392 3416 c
414 3345 578 3420 Amulius
591 3365 698 3442 quem
717 3341 824 3440 paulo
839 3357 920 3413 ante
934 3359 1173 3414 memoratum
1186 3345 1405 3437 audivimus,
1427 3373 1449 3420 a

376 3493 394 3532 α
415 3462 519 3536 nobis
532 3481 647 3559 nuper
659 3458 756 3529 idem
771 3459 992 3556 expoposcit3
1009 3459 1162 3557 plurima
1176 3459 1247 3531 fide
1260 3463 1289 3532 si
1302 3461 1374 3535 hoc
1387 3463 1447 3537 fiat

377 3580 507 3675 «regis
537 3569 729 3648 commoda
756 3597 832 3644 sese
865 3590 1113 3646 exsecuturum
1144 3576 1334 3674 pollicens3
1365 3605 1447 3678 erga

377 3726 395 3764 u
416 3696 510 3768 cives
536 3719 611 3764 non
636 3689 816 3762 modicam
832 3688 1107 3764 benivolentiam
1131 3687 1348 3767 habiturum.
1377 3699 1448 3770 Sed

377 3845 394 3882 α
416 3812 501 3911 quia
522 3810 598 3906 ejus
619 3822 743 3906 utpote
764 3805 998 3880 adolescentis
1016 3835 1134 3882 mores
1159 3811 1374 3910 affectusque
1392 3815 1446 3886 in-

377 3943 533 4001 «certos
557 3924 750 4012 habemus,
778 3937 915 3994 nostras
939 3925 1166 3998 solummodo
1191 3930 1345 4002 rationes
1370 3957 1446 4004 non

377 4078 394 4116 t<
417 4044 577 4119 sufficere
591 4041 636 4113 ad
650 4039 726 4110 haec
739 4037 963 4112 arbitramur.
980 4042 1105 4115 Adsint
1120 4070 1204 4142 ergo
1218 4049 1280 4142 qui
1293 4048 1394 4119 vobis
1408 4049 1446 4121 id

407 4230 423 4266 *
442 4230 467 4280 io
479 4246 521 4280 em
534 4225 639 4277 abscisa.

411 4327 417 4348 ¹
436 4311 539 4367 videtur
550 4330 623 4383 supra
633 4312 717 4382 posito
732 4321 778 4362 est.
