3320 5296
377 473 434 533 158
737 469 904 530 alanum
927 470 1004 532 LIB.
1029 471 1083 530 lV.

376 633 399 695 a¹
415 602 524 692 detis,
546 600 731 698 quomodo
753 601 894 675 bonum
919 602 1205 702 contempnetis?
1229 603 1299 676 Sed
1320 604 1454 678 talibus

375 749 393 788 α
416 718 503 816 quid
521 718 769 790 interminatur
785 721 862 817 ipsa
875 720 1047 818 Divinitas
1061 719 1075 789 Ρ
1089 724 1220 809 -Vae,
1237 721 1371 818 inquit,
1388 724 1456 820 qui

376 867 394 904 a
418 836 533 906 dicitis
568 836 703 907 malum
734 837 892 925 bonum,
929 836 1068 908 honum
1091 837 1245 928 malum,
1275 854 1455 935 ponentes

378 985 395 1024 u
417 953 535 1024 lucem
556 953 738 1045 tenebras,
770 970 806 1026 et
836 954 1000 1033 tenebras
1028 954 1157 1026 lucem.
1175 960 1452 1028 -Promovete

379 1099 398 1137 κ
417 1071 524 1166 igitur
538 1070 642 1141 vobis
662 1070 811 1160 ducem,
833 1086 935 1161 actu,
957 1070 1161 1160 nobilitate,
1179 1073 1291 1170 copiis
1303 1072 1452 1144 clarissi-

378 1219 395 1256 u
418 1213 539 1279 mum,
561 1213 670 1284 quem
687 1212 762 1258 non
781 1189 898 1259 solum
921 1189 973 1260 rei
985 1189 1147 1288 publicae,
1164 1190 1227 1261 sed
1245 1206 1280 1261 et
1298 1191 1453 1287 privata-

375 1334 393 1372 «
416 1330 498 1375 rum
509 1329 635 1376 ‘rerum
653 1315 807 1375 tutorem
819 1293 1016 1400 invenietis.
1034 1311 1113 1406 lpsa
1125 1307 1200 1404 ejus
1212 1297 1453 1380 benivolentia

377 1451 394 1489 a
417 1420 574 1512 favente,
596 1447 679 1493 eum
690 1447 757 1521 pro
771 1439 870 1521 patre
883 1423 1069 1495 habebitis.
1093 1426 1180 1512 Quis
1194 1427 1291 1497 enim
1304 1426 1350 1497 ad
1367 1451 1451 1498 eum

358 1551 400 1638 'a
416 1538 590 1634 confugit,
612 1553 647 1610 et
663 1541 903 1636 patrocinium
921 1566 996 1612 non
1015 1542 1174 1614 invenit?
1195 1544 1282 1630 Quis
1302 1569 1451 1630 suorum

376 1681 394 1720 α
416 1653 552 1724 auxiliis
566 1653 768 1746 destitutus,
784 1680 850 1752 per
863 1664 946 1733 eum
958 1656 1030 1727 suis
1043 1681 1119 1729 non
1130 1659 1310 1730 restitutus
1326 1659 1415 1730 l'uit?
1431 1688 1450 1726 a

618 2207 693 2274 yxtl.
706 2236 743 2247 -
756 2176 891 2260 Promotio
903 2208 1023 2279 Hugonis
1036 2209 1064 2260 in
1075 2227 1195 2279 regnum.

425 2377 500 2442 Hac
524 2373 698 2445 sententia
721 2372 947 2472 promulgata
970 2389 1005 2444 et
1027 2373 1073 2444 ab
1096 2375 1264 2448 omnibus
1287 2375 1453 2468 laudata,

375 2489 449 2562 dux
466 2491 630 2562 onmium
653 2517 831 2563 consensu
847 2492 884 2562 in
903 2517 1053 2588 regnum
1070 2510 1316 2589 promovetur,
1337 2510 1372 2566 et
1389 2520 1457 2592 per

376 2605 693 2702 metropolitanum
731 2609 890 2705 aliosque
922 2609 1109 2707 episcopos
1148 2611 1313 2682 Noviomi
1348 2635 1455 2684 coro·

377 2723 498 2812 natus,
525 2723 654 2812 Gallis,
688 2724 899 2814 Brittannis,
920 2725 1049 2815 Dahis,
1081 2727 1283 2823 Aquitanis,
1304 2727 1453 2819 Gothis,

376 2840 557 2937 Hispanis,
573 2841 830 2931 Wasconssms,
845 2867 908 2913 rex
923 2843 931 2879 ¹
950 2843 1116 2916 Kalendis
1126 2844 1205 2939 jun.
1222 2861 1453 2943 praerogatur.

373 2955 534 3054 ‘Stipatus
548 2955 667 3051 itaque
679 2975 873 3052 regnorum
894 2954 1131 3055 principibus,
1153 2985 1255 3032 more
1269 2961 1365 3058 regio
1393 2960 1457 3032 de·

330 3075 333 3083 '
378 3085 475 3140 creta
492 3069 593 3160 lecit,
621 3069 787 3168 legesque
814 3073 995 3164 condidit,
1030 3072 1122 3152 felici
1145 3083 1309 3146 successu
1334 3077 1458 3148 omnia

378 3188 566 3282 ordinans,
584 3203 690 3285 atque
709 3188 935 3260 distribuens
960 3193 1004 3260 Et
1018 3206 1057 3261 ut
1069 3173 1281 3277 beatitudini
1294 3218 1365 3264 suae
1383 3218 1457 3264 res-

378 3302 578 3400 ponderet,
595 3303 709 3374 multo
732 3329 1031 3375 successurorum
1047 3306 1285 3377 secundarum
1298 3308 1454 3398 levatuS,

364 3420 425 3491 ¹ad
441 3419 592 3491 multam
611 3421 779 3517 pietatem
801 3421 965 3492 intendit.
995 3427 1111 3519 thue
1135 3439 1218 3520 post
1248 3425 1302 3495 sui
1329 3423 1459 3495 disces·

373 3538 576 3608 sumavita
587 3592 595 3628 ‚
607 3526 788 3609 ‘heredem
805 3553 942 3610 certum
955 3540 991 3609 in
1006 3565 1116 3636 regno
1127 3540 1344 3638 relinqueret
1354 3597 1364 3632 ‚
1374 3566 1458 3612 *sesa

329 3721 332 3740 ‚
376 3653 581 3724 consultum
604 3681 688 3727 curn
706 3655 926 3755 principibus
952 3657 1121 3753 contulit3
1148 3671 1195 3749 et,
1222 3658 1352 3728 collato
1373 3683 1457 3730 cum

378 3771 430 3841 eis
447 3771 618 3863 consilio,
642 3776 835 3844 Remorum
856 3773 1172 3871 metropolitanum
1197 3773 1392 3845 Aurelianis
1410 3774 1456 3847 de

378 3889 607 3984 promotione
621 3888 690 3962 filii
706 3893 761 3962 sui
775 3885 934 3962 Rotberti
952 3891 988 3961 in
1007 3917 1158 3988 regnum
1171 3893 1270 3990 prius
1281 3917 1346 3990 per
1363 3892 1458 3988 lega-

379 4019 455 4094 tos,
475 4021 556 4104 post
583 4032 648 4104 per
666 4017 742 4079 sese
767 4009 947 4080 convenit.
969 4009 1034 4080 Cui
1053 4035 1136 4080 cum
1160 4009 1459 4108 metropolitanus

419 4221 425 4250 ¹
447 4241 469 4272 r.
486 4223 519 4273 ab
532 4223 654 4276 omnibus
668 4223 743 4276 delet.
