3320 5296
353 542 415 601 202
707 539 873 602 RIOEERI
895 541 968 602 tte.
980 541 1045 604 Ν.

377 685 686 779 xnrvss-..mmemr
704 727 834 782 uasorum
853 740 879 782 et
893 727 1034 782 usuum
1052 737 1215 780 sacramento
1233 727 1359 801 *decipit
1367 730 1394 783 e.

401 867 577 942 Adalbero
594 870 670 942 sine
687 869 855 944 dilatione
872 872 909 942 in
930 869 1011 942 loco
1024 873 1215 943 constituto
1235 871 1366 944 Karolo
1385 887 1421 944 et

354 985 503 1058 Amulio
524 987 656 1072 accitus
682 988 848 1059 occurrit.
880 985 1057 1085 Aquibus
1074 987 1274 1085 benigniter
1293 1013 1421 1086 excep·

351 1115 428 1190 tus,
452 1125 528 1173 non
548 1102 767 1186 mediocrem
785 1101 931 1174 letitiam
949 1103 1117 1200 repperit.
1138 1102 1273 1201 Siquid
1285 1101 1420 1174 discor-

354 1215 421 1288 diae
439 1219 633 1315 precessit,
649 1217 721 1290 levi
732 1233 769 1290 et
786 1243 865 1291 mro
883 1241 1049 1316 sermone
1061 1233 1196 1291 tactum
1208 1219 1417 1318 praeteriere.

354 1337 416 1404 Jus
445 1334 607 1406 amicitie
634 1335 727 1406 inter
757 1359 834 1414 sese
865 1335 992 1407 exinde
1023 1334 1173 1435 amplius
1208 1334 1419 1425 colendum,

355 1447 501 1529 diversis
512 1448 708 1532 rationibus
728 1448 895 1530 extulere.
912 1447 1056 1537 Quanto¹
1067 1449 1174 1529 ctiam
1186 1449 1423 1523 commoditas

356 1563 400 1635 sit
421 1561 605 1662 profutura
631 1565 661 1637 si
689 1564 842 1656 amicitia
870 1563 963 1637 bene
991 1565 1047 1635 usi
1070 1565 1162 1655 sint,
1187 1589 1422 1666 sepenumero

354 1679 518 1752 retulere.
535 1685 676 1768 Quanta
691 1704 835 1780 quoque
853 1680 975 1778 glorie,
992 1696 1145 1780 quantus
1161 1667 1293 1772 honor,
1309 1707 1423 1778 quun·

319 1814 320 1817 ’
355 1809 434 1866 tum
451 1797 665 1894 presidium.
687 1802 834 1869 Necnon
857 1813 891 1869 et
909 1795 997 1869 illud
1016 1796 1165 1869 libatum
1184 1811 1254 1888 est,
1269 1798 1307 1868 in
1323 1795 1425 1869 brevi

353 1908 431 1983 fieri
453 1937 577 2010 posse,
607 1927 642 1985 et
660 1938 732 1985 suae
753 1913 862 2010 partis
889 1914 1178 2010 provectionem,
1208 1927 1243 1984 et
1266 1911 1424 1984 hostium

353 2030 698 2127 praecipitationem
710 2029 869 2128 nihilque
885 2029 966 2101 his⁴
990 2019 1133 2102 obstare*
1154 2054 1279 2127 posse,
1302 2028 1424 2101 simle

355 2145 527 2217 Divinitas
543 2171 619 2217 non
641 2145 822 2246 impediat.
843 2145 881 2216 si
893 2160 1049 2218 votasua
1067 2146 1210 2219 effectus
1229 2170 1424 2243 conseque·

340 2275 426 2350 tur,
442 2261 658 2358 quandoque
676 2263 846 2353 futurum,
860 2276 900 2333 ut
917 2286 982 2359 per
995 2287 1070 2335 sese
1083 2288 1140 2335 res
1153 2262 1296 2361 publica
1309 2261 1422 2336 multo

354 2374 512 2467 honore,
531 2377 642 2450 multa
660 2377 789 2474 gloria,
809 2377 1011 2451 cumuletur
1027 2393 1064 2460 et
1080 2379 1216 2462 floreat.
1242 2380 1303 2449 His
1321 2378 1423 2458 dictis

354 2505 576 2570 sacramento
606 2491 672 2564 sibi
700 2494 828 2564 annexi
860 2508 969 2584 sunt,¹
993 2507 1099 2590 atque
1133 2518 1158 2570 e
1192 2517 1232 2566 se
1263 2492 1420 2590 digressi.
1456 2541 1459 2544 -

355 2604 530 2686 Adelbero
545 2608 618 2704 regi
634 2633 672 2679 se
690 2609 852 2700 contulit,
867 2634 946 2706 quae
959 2623 1076 2705 egeret
1089 2606 1278 2707 explicans.
1287 2607 1425 2696 Quibus

357 2749 418 2804 rex
439 2727 579 2816 auditis,
600 2729 786 2824 negotium
800 2728 991 2828 approbet,
1011 2728 1196 2801 Amulium
1213 2754 1290 2801 sese
1307 2755 1426 2827 recep

357 2857 477 2914 turum
500 2845 530 2914 si
546 2846 664 2922 reniet
685 2845 885 2944 pollicetur,
915 2846 990 2942 ejus
1013 2848 1261 2945 purgationem
1290 2845 1336 2917 de
1359 2845 1425 2917 ob—

353 2959 474 3055 jectis,
495 2984 532 3031 se
548 2975 674 3058 sponte
692 2962 908 3033 auditurum.
932 2965 977 3032 Et
991 2963 1020 3032 si
1037 2976 1132 3033 recte
1147 2976 1331 3060 purgetur,
1351 2986 1425 3033 non

358 3077 489 3148 minori
517 3080 625 3174 gratie
652 3103 759 3176 quam
788 3092 870 3149 ente
892 3077 1129 3150 habendum.
1151 3077 1325 3150 Adalbero
1351 3078 1427 3150 haec

359 3193 504 3267 Amulio
532 3194 649 3268 relert.
681 3200 811 3293 Regem
839 3195 1068 3287 benivolum,
1096 3183 1307 3267 clementem
1340 3194 1423 3282 sibi,

358 3312 500 3403 asserit,
530 3336 613 3384 eum
645 3313 751 3383 etiem
772 3311 847 3408 ejus
877 3313 1123 3410 purgationem
1147 3326 1274 3410 sponte
1304 3311 1427 3383 audire

360 3426 468 3516 velle,
490 3428 614 3525 suique
638 3428 784 3524 gratiam
807 3419 894 3514 sine'
907 3451 1015 3514 more
1032 3424 1195 3512 reddere.
1217 3428 1321 3500 Unde
1342 3427 1428 3512 etei

361 3551 437 3616 esse
459 3543 728 3634 maturandum,
749 3556 785 3615 et
801 3546 1004 3642 quantotius
1027 3543 1065 3630 id
1089 3544 1302 3643 petendum-3
1335 3544 1427 3626 otius

361 3685 446 3770 ergo
463 3685 583 3758 regem
599 3658 822 3752 adeundum,
838 3685 884 3746 ne
898 3661 1099 3758 aliquorum
1117 3659 1227 3738 dolus¹
1239 3658 1434 3745 consilinm

362 3764 565 3893 abrumpat.
583 3781 637 3864 Ad
654 3807 773 3883 regem
790 3783 909 3885 itaque
927 3782 1033 3866 ambo
1050 3781 1199 3886 profecti
1216 3795 1313 3864 sunt.

397 4003 470 4071 hi,
483 4023 525 4071 sa,
538 4002 575 4070 d,
589 4003 694 4057 abscisa.

400 4088 408 4124 ¹
428 4087 464 4146 eis
474 4090 641 4162 supraposito
658 4087 699 4141 his
713 4085 799 4148 codic.
