3320 5296
383 537 441 599 tot
746 534 913 595 ttlcttEttt
935 534 1009 595 LlB.
1035 533 1087 593 tv.

538 739 614 820 XVI..
624 739 789 804 -Qualiter
802 740 916 792 Karolus
933 738 1092 792 laudunum
1106 738 1234 809 ingressus
1248 737 1290 790 tit.

424 910 507 977 Mox
518 906 625 977 etiam
634 903 732 975 urbis
749 903 1002 1002 proditionem,
1019 907 1049 976 si
1059 904 1210 975 Karolus
1222 903 1341 975 veniat
1353 897 1458 1002 potti-

375 1039 514 1112 centur,
548 1024 639 1094 etsi
666 1023 739 1094 eis⁴
778 1046 842 1093 sua
871 1020 1045 1112 dimittat,
1075 1036 1111 1093 et
1138 1017 1285 1121 insuper
1311 1037 1450 1118 augeat.

373 1141 635 1240 Exploratores,
655 1114 761 1239 pacto
784 1139 1013 1210 sacramentis
1034 1137 1200 1227 firmato,
1223 1137 1298 1208 haec
1322 1137 1452 1208 Karolo

373 1273 568 1358 reportant.
588 1256 649 1328 Ille
671 1281 756 1327 mox
773 1256 857 1345 suis,
883 1280 975 1353 quos
993 1256 1176 1353 superiore
1195 1255 1453 1350 conquestione

372 1376 600 1462 excitaverat,
628 1371 700 1452 hnc
733 1371 943 1443 mandatum
974 1393 1124 1470 apernit.
1158 1373 1230 1458 Qui
1264 1372 1452 1444 unanimes

371 1504 551 1590 oportuno
565 1505 728 1587 tempore
746 1488 897 1578 collecti,
915 1489 949 1558 ei
963 1512 1041 1559 sese
1054 1487 1229 1559 obtulere.
1251 1487 1325 1577 Ille,
1340 1490 1452 1586 copiis

370 1607 578 1702 assumptis,
601 1604 817 1676 Landunum
835 1604 924 1674 dum
942 1602 996 1674 sol
1019 1602 1198 1674 occideret
1221 1604 1451 1701 tempestivus

369 1721 535 1810 advenit,
551 1719 717 1816 misitque
738 1717 980 1815 exploratores
993 1717 1039 1790 ad
1063 1717 1275 1815 transfugas,
1302 1719 1451 1816 utquid

366 1852 461 1909 esset
473 1816 652 1934 agendum
674 1825 858 1907 referrent.
880 1834 1053 1906 latebant
1075 1835 1195 1932 itaque
1219 1835 1312 1906 inter
1331 1836 1452 1907 vinea·

367 1981 448 2026 rum
461 1955 608 2026 dumeta
630 1970 666 2026 et
691 1979 812 2051 sepes,
839 1953 954 2050 parati
972 1951 1100 2024 urbem
1113 1952 1252 2050 ingredi
1264 1955 1294 2024 si
1307 1953 1451 2026 fortuna

368 2067 588 2161 admitteret,
605 2071 762 2142 sturmis
779 2068 910 2156 obniti,
927 2070 956 2140 si
978 2083 1128 2139 eventus
1149 2069 1188 2138 id
1204 2069 1361 2142 afferret.
1378 2072 1451 2158 Qui

366 2186 464 2257 missi
478 2185 618 2256 fuerant
635 2183 683 2256 ad
700 2183 862 2272 insidias,
878 2208 944 2281 per
962 2181 1047 2253 loca
1067 2183 1260 2266 constituta
1283 2200 1319 2255 et
1341 2200 1446 2276 nota,

364 2300 610 2403 proditoribus
628 2314 840 2390 occurrunt,
858 2315 893 2371 et
915 2298 1087 2369 Karolum
1108 2325 1191 2370 cum
1215 2301 1329 2372 multo
1348 2294 1449 2400 equi-

364 2436 440 2492 tatu
468 2418 655 2496 advenisse
682 2417 859 2488 nuntiant.
891 2416 1096 2489 Proditores
1114 2418 1257 2515 gavisi,
1286 2419 1450 2516 explora·

363 2555 459 2611 tores
473 2536 676 2624 remittunt,
693 2549 729 2605 et
741 2534 873 2605 Karolo
887 2533 958 2604 cito
970 2532 1094 2648 adesse
1106 2534 1291 2606 mandant.
1310 2535 1450 2623 Quibus

364 2645 534 2753 cognitis,
561 2652 712 2723 Karolus
735 2675 819 2722 curn
844 2651 917 2722 suis
944 2674 1010 2749 per
1033 2651 1166 2722 montis
1191 2651 1327 2725 devexa
1349 2647 1450 2726 urbis

297 2779 299 2783 ”
362 2787 507 2872 portam
524 2793 707 2868 aggressus
720 2783 787 2838 est.
808 2766 878 2838 Sed
891 2767 1014 2863 vigiles
1028 2792 1111 2838 cum
1124 2793 1167 2839 ex
1180 2767 1323 2841 fremitu
1337 2796 1450 2868 equo-
1471 2836 1476 2841 .

362 2902 445 2960 runt
464 2883 508 2959 et¹
521 2885 640 2982 aliqua
657 2875 842 2955 collisione
865 2908 1050 2956 armorum
1069 2883 1208 2982 aliquos
1227 2886 1351 2960 adesse
1367 2914 1451 2986 per-

364 3006 553 3094 sentirent,
578 3018 613 3074 et
630 2995 785 3099 *quinam
804 3017 961 3072 essent-a
975 3023 1081 3073 muro
1094 3002 1345 3095 inclamarent,
1361 3004 1450 3104 lapi·

363 3122 541 3219 dibusque
554 3109 657 3217 jactis
676 3133 865 3215 urgerent,
885 3118 1089 3217 proditores
1106 3144 1192 3192 mox
1209 3120 1348 3218 aliquos
1370 3147 1449 3195 esse

364 3237 413 3310 de
441 3235 580 3310 ciuibus
608 3234 884 3333 responderunt.
922 3238 1005 3320 Quo
1035 3249 1243 3310 commento
1269 3239 1448 3334 corruptis

364 3351 546 3451 vigilibus,
571 3352 766 3424 introrsum
790 3365 932 3447 portam
946 3367 1181 3448 aperuerunt,
1209 3368 1317 3449 atque
1343 3378 1444 3426 exer-

365 3471 476 3542 citum
503 3471 582 3572 ipso
599 3464 810 3566 crepusculo
832 3483 1061 3566 exceperunt.
1082 3473 1166 3541 Mox
1189 3471 1364 3542 exercitus
1387 3496 1447 3543 ur·

363 3587 450 3658 bem
476 3585 647 3683 implevit.
671 3589 784 3654 Portae
809 3585 916 3655 etiam
938 3588 1082 3682 nequis
1101 3586 1299 3684 aufugeret,
1321 3603 1446 3658 custo-

349 3703 471 3803 dibus
488 3701 667 3792 adhibitis,
687 3726 843 3800 pervasae
863 3717 957 3772 sunt.
976 3702 1042 3772 Alii
1062 3703 1182 3800 itaque
1203 3703 1446 3806 personabant

365 3819 522 3909 bucinis,
550 3811 609 3900 alii
632 3816 782 3888 vocibus
805 3816 1021 3910 fremebant,
1043 3818 1101 3890 alii
1120 3844 1303 3891 armorum
1325 3822 1445 3892 sonitu

366 3932 687 4006 tumultuabantur.
704 3931 808 4004 Unde
825 3934 918 4005 cives
937 3935 1063 4024 territi,
1079 3950 1204 4034 utpote
1226 3938 1289 4034 qui
1306 3939 1446 4035 ignora·

365 4049 454 4123 bant
477 4050 566 4148 quid
582 4066 695 4140 esset,
723 4065 758 4120 et
778 4050 824 4122 de
842 4044 1010 4124 domibus
1032 4053 1257 4146 ebullientes,
1278 4055 1443 4154 profugio

406 4288 415 4318 ¹
432 4307 456 4342 e.
469 4290 541 4343 bona
555 4310 577 4343 a.
591 4290 705 4342 deletum.
