3324 5298
383 547 445 606 250
749 543 915 606 utorium
936 544 1013 610 LlB.
1038 543 1091 608 lv.

385 707 404 746 «
426 677 644 776 etprodesse
654 678 768 777 possit
781 677 944 750 aecclesiae
957 679 1016 750 cui
1033 676 1355 776 actenusindignus
1367 706 1455 779 pree·

383 823 402 862 «
422 795 484 866 tui.
511 799 555 865 Et
579 791 620 867 u't
649 794 733 865 inde
761 794 853 866 ultra
876 794 1013 867 nullam
1036 795 1286 893 repetitionem
1312 813 1374 869 aut
1396 800 1452 870 in·

293 897 295 902 ’
383 940 401 979 u
423 911 722 1010 terpellationem,
743 911 950 984 auctoritate
972 911 1144 983 canonica
1161 910 1277 984 facere
1295 912 1449 1004 valeam,

383 1056 401 1096 u
423 1052 532 1099 manu
544 1053 626 1100 mea
638 1028 782 1126 propria
800 1025 1024 1098 subscribens
1042 1025 1192 1098 firmavi.
1214 1030 1297 1114 Quo
1314 1028 1363 1099 ita
1374 1053 1453 1126 per-

383 1175 401 1212 «
422 1144 534 1236 lecto,
557 1145 607 1217 ita
628 1134 829 1243 subscripsi.
851 1141 925 1241 Ego
934 1137 1104 1216 'arnulfirs
1117 1142 1303 1242 quondam
1324 1147 1451 1217 Remo·

383 1291 401 1329 u
422 1287 504 1332 rum
515 1261 801 1360 archiepiscopus
812 1260 1012 1359 subscripsi.
1030 1255 1208 1334 »Necnon
1223 1276 1259 1333 et
1275 1243 1453 1335 adstantes

381 1378 539 1476 episcopi
556 1377 601 1448 ab
613 1402 656 1470 eo
675 1380 789 1476 rogati
805 1394 846 1450 ut
856 1378 1135 1470 subscriberent,
1149 1377 1450 1476 subscripserunt,

381 1508 487 1591 atque
507 1495 557 1566 sic
579 1495 613 1565 ei
629 1480 916 1593 responderunt:
936 1525 954 1564 «
971 1495 1178 1569 Secundum
1195 1494 1454 1593 professionem

387 1640 404 1678 u
427 1626 462 1682 et
479 1610 776 1709 subscriptionem
795 1626 894 1683 tuam
915 1636 1013 1684 cessa
1032 1611 1078 1683 ab
1098 1609 1229 1682 officio.
1248 1639 1266 1678 n
1286 1615 1371 1681 Post
1387 1609 1454 1682 hec

384 1727 685 1824 sacramentijure
692 1727 760 1799 hos
770 1728 893 1824 quisui
906 1728 1047 1800 fuerant
1054 1726 1224 1816 absolvit,
1236 1741 1342 1824 atque
1352 1726 1455 1799 liber·

385 1857 496 1916 tatem
513 1843 721 1916 transeundi
738 1844 775 1914 in
789 1843 848 1939 jus
862 1843 1005 1916 alterius
1022 1845 1136 1915 victus
1154 1844 1340 1915 concessit.

485 2063 615 2117 LXXIII.
625 2063 828 2135 -Depositiot
844 2063 968 2136 Adalgeri
981 2063 1172 2135 presbiteria*
1188 2062 1313 2135 gradibus
1321 2065 1348 2115 *.

429 2223 601 2296 Dumhec
612 2224 725 2297 multa
733 2221 1017 2296 consideratione
1029 2235 1248 2320 gererentur,
1263 2221 1454 2320 Adalgerus

381 2340 556 2440 presbiter
573 2367 616 2414 eo
636 2343 733 2440 quod
748 2341 1003 2413 communione
1021 2341 1179 2438 privatus
1191 2355 1310 2431 esset,
1330 2365 1455 2437 regum

380 2455 531 2556 pedibus
555 2458 922 2557 provolutussmulta
943 2459 1200 2556 conquestione
1222 2457 1451 2556 querebatur,

381 2577 627 2652 communioni
654 2592 780 2674 petens
803 2576 956 2667 restitui,
977 2575 1118 2672 parcius
1142 2574 1210 2646 sibi
1235 2574 1454 2646 inferendam

381 2715 569 2765 censuram
593 2707 707 2783 ratus,
733 2718 777 2764 eo
798 2692 897 2789 quod
914 2693 1032 2788 jussus
1056 2692 1205 2763 domino
1231 2689 1453 2790 obtempera-

381 2807 498 2880 visset.
523 2811 640 2895 Quem
656 2807 833 2900 Amulius,
852 2807 1111 2880 Aurelianensis
1129 2809 1334 2908 episcopus,
1353 2808 1455 2880 ador·

385 2954 403 2992 «
425 2950 485 2996 sus
497 2929 615 3024 :Num
626 2924 800 3022 quidnam
814 2953 831 3022 n
847 2925 964 3022 inquit
978 2955 996 2992 «
1009 2924 1129 3021 juditii
1140 2908 1323 3023 expertem
1341 2939 1377 2997 te
1396 2940 1454 2996 tua

384 3070 403 3108 t<
425 3039 577 3112 conficta
599 3041 709 3112 hodic
731 3041 881 3113 facient?
902 3041 1085 3139 Numquid
1112 3056 1150 3112 tu
1175 3066 1213 3113 es
1235 3041 1298 3140 qui
1323 3037 1453 3111 Karolo

383 3188 402 3226 t<
423 3172 545 3257 portas
562 3159 749 3257 aperuisti,
766 3175 801 3230 et
812 3158 988 3231 hostiliter
1002 3158 1163 3252 cumsjllo
1175 3173 1297 3229 sancta
1316 3172 1453 3230 sancto·

382 3304 401 3343 u
422 3301 505 3346 rum
524 3275 702 3372 ingressus
723 3275 785 3346 es?
800 3274 983 3371 Numquid
996 3290 1037 3346 tu
1050 3300 1088 3346 es
1109 3275 1172 3373 qui
1191 3272 1453 3346 adolescentem

384 3421 402 3461 u
423 3416 507 3464 cum
516 3391 746 3465 tuisimilibus
755 3391 1153 3491 perdidistilConfitere
1160 3389 1420 3482 infandissime!
1433 3418 1450 3456 n

382 3512 464 3595 Quo
485 3510 751 3608 respondente:
780 3513 948 3606 «Negare
968 3533 1043 3580 non
1063 3533 1228 3607 possum,
1246 3536 1263 3574 n
1290 3506 1349 3578 ille
1370 3530 1452 3577 mox

380 3642 591 3724 prosecutus
614 3654 622 3696 ι
653 3656 671 3695 u
687 3631 740 3698 An
768 3626 850 3699 ideo
867 3655 891 3715 nv
913 3627 1029 3725 inquit
1054 3624 1336 3698 «communioni
1358 3623 1455 3696 resti·

383 3771 401 3811 u
423 3743 579 3815 tuendus
592 3766 650 3833 es,
666 3758 707 3815 ut
727 3744 875 3816 domino
894 3758 957 3815 tuo
975 3742 1137 3840 lugente,
1152 3757 1193 3813 tu
1205 3738 1453 3813 nefandissime

383 3889 403 3928 u
424 3859 560 3932 rideas?
579 3887 596 3926 u
625 3860 783 3944 Tandem
805 3861 989 3932 decretum
1011 3861 1064 3931 est
1078 3859 1235 3930 duorum
1254 3857 1453 3928 incommo-

382 3973 513 4047 dorum
525 3973 734 4049 utrumlibet
750 3974 796 4046 ab
809 4000 853 4047 eo
875 3975 973 4072 eligi,
995 3990 1057 4047 aut
1075 3999 1097 4046 a
1118 3972 1285 4072 gradibus
1301 3969 1450 4069 deponi,

382 4107 443 4163 aut
459 4107 634 4191 perpetuo
652 4091 876 4166 anathemate
895 4094 1019 4166 teneri.
1041 4093 1112 4179 Qui
1131 4090 1228 4190 apud
1248 4115 1286 4163 se
1302 4089 1454 4189 plurima

418 4297 549 4369 *Dep‚a
566 4317 613 4369 gra
630 4300 733 4352 abscisa.
