3308 5286
351 485 371 546 6
705 485 873 548 RICHERI
895 485 970 547 ΗΒ.
995 488 1054 547 111.

301 704 302 714 ἵ
349 633 417 688 tur.
448 622 529 706 Quo
555 642 616 690 rex
642 634 847 718 comperto,
876 619 968 692 duce
998 621 1135 693 favente
1162 620 1356 692 exercitum
1379 621 1415 690 in

347 721 494 804 hostem.
505 733 664 824 reducit,
689 735 866 833 signisque
890 736 1024 808 infestis
1047 735 1286 833 congreditur.
1315 740 1418 808 Acer·

346 849 438 922 rime
445 863 449 880 ”
465 849 673 922 dimicatum
702 867 775 943 est,
804 837 993 924 nonnullis
1018 854 1197 950 utrimque
1217 853 1314 924 firsis
1347 848 1417 923 Sed

346 964 444 1061 regio
470 965 650 1062 equitatu⁴
673 966 906 1065 praevalente,
931 969 1125 1066 Aquitanos
1148 969 1230 1065 fuga
1251 966 1412 1063 exagitat.

347 1080 460 1178 Regiae
476 1097 564 1155 vero
582 1081 675 1154 acies
691 1085 930 1182 promtissime
947 1085 1165 1157 insecuntur.
1194 1089 1233 1157 ln
1248 1108 1319 1183 qua
1335 1083 1418 1180 fuga

346 1197 511 1271 nonnulli
533 1199 791 1297 Aqrritanorum
808 1201 1000 1293 interfecti,
1024 1201 1169 1300 plurimi
1188 1215 1307 1274 autem
1324 1199 1418 1298 capti

345 1314 502 1388 fuerunt.
535 1315 721 1389 Wilelmus
742 1342 829 1389 vero
849 1317 954 1396 devia
976 1307 1135 1411 secutus)
1166 1344 1248 1390 cum
1275 1315 1418 1390 duobus

346 1431 405 1503 vix
426 1457 492 1531 per
511 1431 662 1532 abrupta
681 1433 848 1533 profugit.

859 1807 895 1866 V.

398 1943 471 2011 Rex
487 1966 593 2038 erge,
617 1939 791 2041 prospero
817 1941 903 2014 belli
926 1967 1090 2014 successu
1115 1942 1280 2037 insignis,
1303 1939 1419 2011 acies²

347 2057 484 2134 itemm
504 2058 654 2130 Pictavis
676 2057 798 2130 inferri
822 2057 964 2155 jubetl.
997 2055 1241 2128 arbitrabatur
1263 2055 1418 2144 etenim,

348 2171 477 2246 urbem
495 2163 588 2245 ⁴tunc
611 2173 776 2245 facillime
797 2175 878 2273 capi
903 2197 1028 2273 posse,
1056 2197 1141 2244 cum
1164 2171 1337 2244 exercitus
1364 2196 1421 2268 re·

349 2291 461 2362 centis
477 2287 563 2361 belli
579 2290 804 2361 animositate
823 2289 942 2361 adhuc
959 2289 1093 2362 ferveat
1110 2303 1145 2362 et
1161 2287 1290 2360 urbani
1307 2287 1421 2359 multo

349 2395 588 2480 detineantur'
610 2419 728 2496 metu,
762 2405 811 2476 ob
838 2406 1008 2504 principis
1034 2406 1089 2476 sui
1121 2405 1242 2502 fugar'n
1275 2404 1422 2501 ejusque

350 2519 503 2592 militum
521 2521 697 2593 infelicem
714 2535 895 2592 eventum.
922 2526 1004 2592 Dux
1023 2521 1142 2618 itaque
1165 2521 1255 2618 regis
1279 2545 1423 2617 magna·

350 2633 549 2704 nimitatem
580 2631 695 2703 multo
724 2631 845 2703 farore
878 2633 1078 2730 excipiens,
1114 2633 1308 2704 exercitum
1342 2631 1425 2702 licet

351 2749 534 2846 fatigatum
568 2762 604 2819 et
630 2763 751 2820 tamen
784 2771 848 2818 sua
885 2746 1102 2844 benignitate
1139 2763 1307 2846 captum,
1342 2746 1424 2820 urbi

350 2859 501 2932 reducit.
518 2857 655 2930 Urbani
676 2880 782 2948 vero,
806 2855 901 2950 belli⁴
910 2881 995 2928 casu
1008 2856 1208 2948 exanimes,
1232 2857 1342 2932 vitam
1363 2856 1424 2928 de-

310 2949 319 2974 ·
350 2995 525 3080 poscunt,
550 2995 587 3053 et
606 3004 674 3084 pro
693 2978 789 3051 urbis
812 2978 992 3050 illesione*
1011 2977 1223 3077 supplicant.
1252 2982 1343 3050 Cum
1362 3001 1424 3049 au·

351 3114 425 3172 tem
464 3099 637 3172 exercitus
668 3097 795 3168 urbem
827 3098 863 3168 vi
891 3095 996 3168 vellet
1021 3079 1219 3195 irrumpere
1235 3080 1286 3167 ‘et
1311 3094 1424 3195 spolia

351 3231 555 3320 asportare,
589 3215 662 3288 dux
687 3213 808 3289 habita
832 3213 929 3314 apud
955 3238 1017 3286 eos
1044 3205 1284 3303 dissuasione,
1313 3213 1423 3284 intac-

283 3429 287 3436 ‚
351 3349 426 3406 tam
449 3358 532 3432 rege
551 3332 700 3430 jubente
717 3331 869 3430 reliquit.
900 3334 973 3403 Rex
990 3345 1110 3403 autem
1126 3330 1172 3402 ab
1194 3328 1339 3404 urbanis
1359 3329 1423 3400 ob-

353 3448 446 3522 sides
459 3463 551 3547 quot
567 3448 643 3522 vult
660 3449 766 3547 capit.
783 3449 924 3544 Sicque,
944 3447 1037 3519 duce
1047 3447 1322 3537 interveniente,
1338 3444 1424 3518 urbs

353 3565 399 3637 ab
411 3567 593 3639 exereitu³
610 3565 758 3637 liberata
770 3580 843 3657 est;
857 3580 893 3637 et
910 3563 977 3636 sub
991 3589 1079 3663 pace
1092 3578 1272 3661 sequestra
1284 3561 1423 3635 obsidio

353 3681 514 3754 solvitur.
546 3687 791 3782 Prosperaque
816 3707 937 3767 rerum
961 3681 1120 3774 fortuna,
1148 3706 1210 3754 rex
1229 3705 1313 3752 cum
1332 3679 1425 3752 duce

390 3961 398 3990 ¹
419 3959 535 4012 exercitu
547 3977 609 4011 corr.
626 3959 753 4030 equitatu.

388 4033 400 4063 ¹
417 4030 561 4084 exercitum
572 4048 636 4100 corr.
649 4031 727 4084 acies.

389 4103 400 4132 ⁸
417 4100 496 4154 infert
506 4119 569 4154 corr.
582 4101 673 4154 inferri
683 4103 767 4173 jubet.

389 4173 401 4204 ⁴
420 4173 501 4226 salute
511 4190 574 4224 corr.
588 4171 716 4226 illesione.

389 4246 400 4276 ¹
418 4241 586 4318 praedonibus
598 4262 660 4296 corr.
674 4245 707 4297 uh
719 4243 843 4297 exercitu.
