<?xml version="1.0" encoding="UTF-8"?>
<!DOCTYPE html PUBLIC "-//W3C//DTD XHTML 1.0 Transitional//EN"
    "http://www.w3.org/TR/xhtml1/DTD/xhtml1-transitional.dtd">
<html xmlns="http://www.w3.org/1999/xhtml" xml:lang="en" lang="en">
 <head>
  <title>
</title>
<meta http-equiv="Content-Type" content="text/html;charset=utf-8" />
  <meta name='ocr-system' content='tesseract 3.04.00' />
  <meta name='ocr-capabilities' content='ocr_page ocr_carea ocr_par ocr_line ocrx_word'/>
</head>
<body>
  <div class='ocr_page' id='page_1' title='image "./richerhistoired01parigoog_0114.png"; bbox 0 0 3314 5294; ppageno 0'>
   <div class='ocr_carea' id='block_1_1' title="bbox 344 509 1056 582">
    <p class='ocr_par' dir='ltr' id='par_1_1' title="bbox 344 509 1056 582">
     <span class='ocr_line' id='line_1_1' title="bbox 344 509 1056 582; baseline -0.004 -10"><span class='ocrx_word' id='word_1_1' title='bbox 344 514 388 582; x_wconf 60' lang='lat'><strong>98,</strong></span> <span class='ocrx_word' id='word_1_2' title='bbox 708 510 875 574; x_wconf 81' lang='lat' dir='ltr'><strong>RlCHERl</strong></span> <span class='ocrx_word' id='word_1_3' title='bbox 899 509 971 573; x_wconf 88' lang='lat' dir='ltr'><strong>LlB.</strong></span> <span class='ocrx_word' id='word_1_4' title='bbox 997 511 1056 570; x_wconf 92' lang='lat' dir='ltr'><strong>lll.</strong></span> 
     </span>
    </p>
   </div>
   <div class='ocr_carea' id='block_1_2' title="bbox 340 643 1424 1888">
    <p class='ocr_par' dir='ltr' id='par_1_2' title="bbox 340 643 1424 1888">
     <span class='ocr_line' id='line_1_2' title="bbox 342 643 1421 743; baseline 0.003 -28"><span class='ocrx_word' id='word_1_5' title='bbox 342 668 528 743; x_wconf 88' lang='lat' dir='ltr'><strong>pressurus</strong></span> <span class='ocrx_word' id='word_1_6' title='bbox 542 645 649 717; x_wconf 90' lang='lat' dir='ltr'><strong>etiam</strong></span> <span class='ocrx_word' id='word_1_7' title='bbox 662 645 692 716; x_wconf 91' lang='lat' dir='ltr'><strong>si</strong></span> <span class='ocrx_word' id='word_1_8' title='bbox 711 645 774 741; x_wconf 90' lang='lat' dir='ltr'><strong>qui</strong></span> <span class='ocrx_word' id='word_1_9' title='bbox 787 644 878 720; x_wconf 83' lang='lat' dir='ltr'><strong>forte</strong></span> <span class='ocrx_word' id='word_1_10' title='bbox 899 659 1017 716; x_wconf 88' lang='lat' dir='ltr'><strong>essent</strong></span> <span class='ocrx_word' id='word_1_11' title='bbox 1030 643 1222 734; x_wconf 89' lang='lat' dir='ltr'><strong>tumultus,</strong></span> <span class='ocrx_word' id='word_1_12' title='bbox 1240 661 1276 718; x_wconf 92' lang='lat' dir='ltr'><strong>et</strong></span> <span class='ocrx_word' id='word_1_13' title='bbox 1287 648 1421 718; x_wconf 92' lang='lat' dir='ltr'><strong>tumul-</strong></span> 
     </span>
     <span class='ocr_line' id='line_1_3' title="bbox 342 763 1422 864; baseline 0.005 -30"><span class='ocrx_word' id='word_1_14' title='bbox 342 777 483 835; x_wconf 88' lang='lat' dir='ltr'><strong>tuantes</strong></span> <span class='ocrx_word' id='word_1_15' title='bbox 505 763 540 833; x_wconf 94' lang='lat' dir='ltr'><strong>in</strong></span> <span class='ocrx_word' id='word_1_16' title='bbox 563 787 692 862; x_wconf 84' lang='lat' dir='ltr'><strong>pacem</strong></span> <span class='ocrx_word' id='word_1_17' title='bbox 710 777 940 834; x_wconf 83' lang='lat' dir='ltr'><strong>revocaturus</strong></span> <span class='ocrx_word' id='word_1_18' title='bbox 971 764 1000 834; x_wconf 94' lang='lat' dir='ltr'><strong>si</strong></span> <span class='ocrx_word' id='word_1_19' title='bbox 1022 765 1085 861; x_wconf 94' lang='lat' dir='ltr'><strong>qui</strong></span> <span class='ocrx_word' id='word_1_20' title='bbox 1104 765 1309 864; x_wconf 88' lang='lat' dir='ltr'>principum</span> <span class='ocrx_word' id='word_1_21' title='bbox 1330 766 1422 839; x_wconf 83' lang='lat' dir='ltr'><strong>forte</strong></span> 
     </span>
     <span class='ocr_line' id='line_1_4' title="bbox 342 879 1422 983; baseline 0.002 -31"><span class='ocrx_word' id='word_1_22' title='bbox 342 879 568 952; x_wconf 85' lang='lat' dir='ltr'><strong>dissiderent.</strong></span> <span class='ocrx_word' id='word_1_23' title='bbox 592 879 781 956; x_wconf 88' lang='lat' dir='ltr'><strong>Lotharius</strong></span> <span class='ocrx_word' id='word_1_24' title='bbox 794 906 882 952; x_wconf 92' lang='lat' dir='ltr'><strong>vero</strong></span> <span class='ocrx_word' id='word_1_25' title='bbox 906 881 1122 953; x_wconf 76' lang='lat' dir='ltr'><strong>laudunum</strong></span> <span class='ocrx_word' id='word_1_26' title='bbox 1141 884 1303 975; x_wconf 86' lang='lat' dir='ltr'><strong>veniens,</strong></span> <span class='ocrx_word' id='word_1_27' title='bbox 1325 884 1422 983; x_wconf 91' lang='lat' dir='ltr'><strong>apud</strong></span> 
     </span>
     <span class='ocr_line' id='line_1_5' title="bbox 342 997 1423 1099; baseline 0.003 -30"><span class='ocrx_word' id='word_1_28' title='bbox 342 1024 427 1070; x_wconf 91' lang='lat' dir='ltr'><strong>suos</strong></span> <span class='ocrx_word' id='word_1_29' title='bbox 447 1023 596 1097; x_wconf 88' lang='lat' dir='ltr'><strong>quaeque</strong></span> <span class='ocrx_word' id='word_1_30' title='bbox 621 1023 781 1096; x_wconf 91' lang='lat' dir='ltr'><strong>congrua</strong></span> <span class='ocrx_word' id='word_1_31' title='bbox 801 997 1131 1096; x_wconf 82' lang='lat' dir='ltr'><strong>sibipertractabat.</strong></span> <span class='ocrx_word' id='word_1_32' title='bbox 1149 1004 1222 1071; x_wconf 88' lang='lat' dir='ltr'><strong>Nec</strong></span> <span class='ocrx_word' id='word_1_33' title='bbox 1232 1000 1308 1096; x_wconf 88' lang='lat' dir='ltr'><strong>jam</strong></span> <span class='ocrx_word' id='word_1_34' title='bbox 1326 1002 1423 1099; x_wconf 90' lang='lat' dir='ltr'><strong>quic-</strong></span> 
     </span>
     <span class='ocr_line' id='line_1_6' title="bbox 342 1100 1421 1216; baseline 0.004 -30"><span class='ocrx_word' id='word_1_35' title='bbox 342 1141 452 1214; x_wconf 91' lang='lat' dir='ltr'><strong>quam</strong></span> <span class='ocrx_word' id='word_1_36' title='bbox 465 1117 541 1216; x_wconf 89' lang='lat' dir='ltr'><strong>spei</strong></span> <span class='ocrx_word' id='word_1_37' title='bbox 555 1141 597 1187; x_wconf 85' lang='lat' dir='ltr'><strong>ex</strong></span> <span class='ocrx_word' id='word_1_38' title='bbox 615 1100 706 1187; x_wconf 84' lang='lat' dir='ltr'><strong>duce</strong></span> <span class='ocrx_word' id='word_1_39' title='bbox 718 1115 895 1206; x_wconf 91' lang='lat' dir='ltr'><strong>babebat,</strong></span> <span class='ocrx_word' id='word_1_40' title='bbox 917 1142 1000 1188; x_wconf 90' lang='lat' dir='ltr'><strong>curn</strong></span> <span class='ocrx_word' id='word_1_41' title='bbox 1017 1132 1166 1216; x_wconf 90' lang='lat' dir='ltr'><strong>propter</strong></span> <span class='ocrx_word' id='word_1_42' title='bbox 1187 1143 1315 1214; x_wconf 89' lang='lat' dir='ltr'><strong>pacem</strong></span> <span class='ocrx_word' id='word_1_43' title='bbox 1335 1118 1421 1190; x_wconf 92' lang='lat' dir='ltr'><strong>dolo</strong></span> 
     </span>
     <span class='ocr_line' id='line_1_7' title="bbox 342 1231 1417 1331; baseline 0.003 -28"><span class='ocrx_word' id='word_1_44' title='bbox 342 1233 542 1330; x_wconf 84' lang='lat' dir='ltr'><strong>quaesitam,</strong></span> <span class='ocrx_word' id='word_1_45' title='bbox 569 1256 646 1302; x_wconf 93' lang='lat' dir='ltr'><strong>non</strong></span> <span class='ocrx_word' id='word_1_46' title='bbox 666 1231 896 1305; x_wconf 87' lang='lat' dir='ltr'><strong>mediocriter</strong></span> <span class='ocrx_word' id='word_1_47' title='bbox 915 1258 999 1304; x_wconf 91' lang='lat' dir='ltr'><strong>eum</strong></span> <span class='ocrx_word' id='word_1_48' title='bbox 1024 1248 1230 1331; x_wconf 92' lang='lat' dir='ltr'><strong>suspectum</strong></span> <span class='ocrx_word' id='word_1_49' title='bbox 1256 1233 1417 1306; x_wconf 88' lang='lat' dir='ltr'><strong>haberet.</strong></span> 
     </span>
     <span class='ocr_line' id='line_1_8' title="bbox 341 1346 1422 1446; baseline 0.001 -27"><span class='ocrx_word' id='word_1_50' title='bbox 341 1351 433 1419; x_wconf 91' lang='lat' dir='ltr'><strong>Cum</strong></span> <span class='ocrx_word' id='word_1_51' title='bbox 453 1347 528 1443; x_wconf 88' lang='lat' dir='ltr'><strong>jam</strong></span> <span class='ocrx_word' id='word_1_52' title='bbox 550 1346 626 1418; x_wconf 86' lang='lat' dir='ltr'><strong>haec</strong></span> <span class='ocrx_word' id='word_1_53' title='bbox 651 1347 774 1419; x_wconf 93' lang='lat' dir='ltr'><strong>omnia</strong></span> <span class='ocrx_word' id='word_1_54' title='bbox 792 1348 901 1446; x_wconf 87' lang='lat' dir='ltr'><strong>vulgo</strong></span> <span class='ocrx_word' id='word_1_55' title='bbox 926 1348 1225 1446; x_wconf 80' lang='lat' dir='ltr'><strong>praedicarentur,</strong></span> <span class='ocrx_word' id='word_1_56' title='bbox 1255 1349 1422 1421; x_wconf 87' lang='lat' dir='ltr'><strong>nonnulli</strong></span> 
     </span>
     <span class='ocr_line' id='line_1_9' title="bbox 341 1463 1423 1564; baseline 0.004 -29"><span class='ocrx_word' id='word_1_57' title='bbox 341 1488 487 1561; x_wconf 92' lang='lat' dir='ltr'><strong>quoque</strong></span> <span class='ocrx_word' id='word_1_58' title='bbox 510 1463 785 1562; x_wconf 89' lang='lat' dir='ltr'><strong>indeindignati</strong></span> <span class='ocrx_word' id='word_1_59' title='bbox 803 1491 870 1564; x_wconf 94' lang='lat' dir='ltr'><strong>pro</strong></span> <span class='ocrx_word' id='word_1_60' title='bbox 888 1466 981 1537; x_wconf 92' lang='lat' dir='ltr'><strong>duce</strong></span> <span class='ocrx_word' id='word_1_61' title='bbox 1004 1467 1215 1558; x_wconf 84' lang='lat' dir='ltr'><strong>fremerent,</strong></span> <span class='ocrx_word' id='word_1_62' title='bbox 1244 1467 1318 1539; x_wconf 87' lang='lat' dir='ltr'><strong>dux</strong></span> <span class='ocrx_word' id='word_1_63' title='bbox 1338 1493 1423 1540; x_wconf 90' lang='lat' dir='ltr'><strong>con·</strong></span> 
     </span>
     <span class='ocr_line' id='line_1_10' title="bbox 341 1581 1424 1675; baseline 0.005 -24"><span class='ocrx_word' id='word_1_64' title='bbox 341 1581 448 1652; x_wconf 86' lang='lat' dir='ltr'><strong>stanti</strong></span> <span class='ocrx_word' id='word_1_65' title='bbox 465 1581 587 1652; x_wconf 91' lang='lat' dir='ltr'><strong>animo</strong></span> <span class='ocrx_word' id='word_1_66' title='bbox 611 1581 789 1653; x_wconf 86' lang='lat' dir='ltr'><strong>tristitiam</strong></span> <span class='ocrx_word' id='word_1_67' title='bbox 813 1581 1041 1654; x_wconf 85' lang='lat' dir='ltr'><strong>dissimulans</strong></span> <span class='ocrx_word' id='word_1_68' title='bbox 1063 1585 1186 1655; x_wconf 90' lang='lat' dir='ltr'><strong>omnia</strong></span> <span class='ocrx_word' id='word_1_69' title='bbox 1208 1583 1363 1675; x_wconf 81' lang='lat' dir='ltr'><strong>ferebat3</strong></span> <span class='ocrx_word' id='word_1_70' title='bbox 1388 1599 1424 1658; x_wconf 89' lang='lat' dir='ltr'><strong>et</strong></span> 
     </span>
     <span class='ocr_line' id='line_1_11' title="bbox 342 1693 1423 1839; baseline 0.003 -70"><span class='ocrx_word' id='word_1_71' title='bbox 342 1693 434 1770; x_wconf 91' lang='lat' dir='ltr'><strong>sicut</strong></span> <span class='ocrx_word' id='word_1_72' title='bbox 446 1699 557 1769; x_wconf 88' lang='lat' dir='ltr'><strong>moris</strong></span> <span class='ocrx_word' id='word_1_73' title='bbox 567 1699 599 1769; x_wconf 91' lang='lat' dir='ltr'><strong>ei</strong></span> <span class='ocrx_word' id='word_1_74' title='bbox 613 1712 688 1771; x_wconf 86' lang='lat' dir='ltr'><strong>erat</strong></span> <span class='ocrx_word' id='word_1_75' title='bbox 701 1698 867 1770; x_wconf 93' lang='lat' dir='ltr'><strong>consulto</strong></span> <span class='ocrx_word' id='word_1_76' title='bbox 882 1701 1005 1772; x_wconf 90' lang='lat' dir='ltr'><strong>omnia</strong></span> <span class='ocrx_word' id='word_1_77' title='bbox 1017 1700 1216 1773; x_wconf 88' lang='lat' dir='ltr'><strong>deliberare</strong></span> <span class='ocrx_word' id='word_1_78' title='bbox 1229 1703 1423 1839; x_wconf 90' lang='lat' dir='ltr'><strong>,primati-</strong></span> 
     </span>
     <span class='ocr_line' id='line_1_12' title="bbox 340 1813 1042 1888; baseline 0.004 -3"><span class='ocrx_word' id='word_1_79' title='bbox 340 1813 409 1885; x_wconf 90' lang='lat' dir='ltr'><strong>bus</strong></span> <span class='ocrx_word' id='word_1_80' title='bbox 427 1815 609 1887; x_wconf 88' lang='lat' dir='ltr'><strong>advocatis</strong></span> <span class='ocrx_word' id='word_1_81' title='bbox 622 1815 886 1888; x_wconf 85' lang='lat' dir='ltr'><strong>declamaturus</strong></span> <span class='ocrx_word' id='word_1_82' title='bbox 899 1815 1042 1888; x_wconf 87' lang='lat' dir='ltr'><strong>resedit.</strong></span> 
     </span>
    </p>
   </div>
   <div class='ocr_carea' id='block_1_3' title="bbox 579 2255 1259 2327">
    <p class='ocr_par' dir='ltr' id='par_1_3' title="bbox 579 2255 1259 2327">
     <span class='ocr_line' id='line_1_13' title="bbox 579 2255 1259 2327; baseline 0 -19"><span class='ocrx_word' id='word_1_83' title='bbox 579 2257 720 2308; x_wconf 88' lang='lat' dir='ltr'>LXXXII.</span> <span class='ocrx_word' id='word_1_84' title='bbox 734 2285 770 2296; x_wconf 89' lang='lat'>-</span> <span class='ocrx_word' id='word_1_85' title='bbox 781 2257 898 2308; x_wconf 80' lang='lat' dir='ltr'><strong>Oratio*</strong></span> <span class='ocrx_word' id='word_1_86' title='bbox 911 2255 1012 2309; x_wconf 82' lang='lat' dir='ltr'><strong>ducis*</strong></span> <span class='ocrx_word' id='word_1_87' title='bbox 1028 2256 1100 2327; x_wconf 85' lang='lat' dir='ltr'><strong>apud</strong></span> <span class='ocrx_word' id='word_1_88' title='bbox 1116 2275 1187 2308; x_wconf 77' lang='lat' dir='ltr'><strong>suos,</strong></span> <span class='ocrx_word' id='word_1_89' title='bbox 1254 2314 1259 2319; x_wconf 91' lang='lat'><strong><em>.</em></strong></span> 
     </span>
    </p>
   </div>
   <div class='ocr_carea' id='block_1_4' title="bbox 347 2398 1425 2618">
    <p class='ocr_par' dir='ltr' id='par_1_4' title="bbox 347 2398 1425 2618">
     <span class='ocr_line' id='line_1_14' title="bbox 393 2398 1425 2499; baseline 0.004 -30"><span class='ocrx_word' id='word_1_90' title='bbox 393 2398 532 2487; x_wconf 91' lang='lat' dir='ltr'><strong>Quibus</strong></span> <span class='ocrx_word' id='word_1_91' title='bbox 551 2423 676 2471; x_wconf 91' lang='lat' dir='ltr'><strong>coram</strong></span> <span class='ocrx_word' id='word_1_92' title='bbox 697 2400 747 2471; x_wconf 93' lang='lat' dir='ltr'><strong>sic</strong></span> <span class='ocrx_word' id='word_1_93' title='bbox 771 2424 875 2471; x_wconf 89' lang='lat' dir='ltr'><strong>orsus</strong></span> <span class='ocrx_word' id='word_1_94' title='bbox 898 2399 1016 2497; x_wconf 91' lang='lat' dir='ltr'><strong>cepit:</strong></span> <span class='ocrx_word' id='word_1_95' title='bbox 1037 2429 1055 2466; x_wconf 74' lang='grc' dir='ltr'>α</span> <span class='ocrx_word' id='word_1_96' title='bbox 1072 2403 1153 2470; x_wconf 92' lang='lat' dir='ltr'><strong>Non</strong></span> <span class='ocrx_word' id='word_1_97' title='bbox 1172 2399 1301 2499; x_wconf 87' lang='lat' dir='ltr'><strong>praeter</strong></span> <span class='ocrx_word' id='word_1_98' title='bbox 1329 2401 1425 2473; x_wconf 84' lang='lat' dir='ltr'><strong>fruc·</strong></span> 
     </span>
     <span class='ocr_line' id='line_1_15' title="bbox 347 2517 1422 2618; baseline 0.006 -32"><span class='ocrx_word' id='word_1_99' title='bbox 347 2547 363 2586; x_wconf 77' lang='lat' dir='ltr'><strong>n</strong></span> <span class='ocrx_word' id='word_1_100' title='bbox 386 2534 464 2591; x_wconf 90' lang='lat' dir='ltr'><strong>tum</strong></span> <span class='ocrx_word' id='word_1_101' title='bbox 490 2518 586 2589; x_wconf 89' lang='lat' dir='ltr'><strong>utilis</strong></span> <span class='ocrx_word' id='word_1_102' title='bbox 615 2533 650 2591; x_wconf 90' lang='lat' dir='ltr'><strong>et</strong></span> <span class='ocrx_word' id='word_1_103' title='bbox 667 2518 811 2590; x_wconf 92' lang='lat' dir='ltr'><strong>honesti</strong></span> <span class='ocrx_word' id='word_1_104' title='bbox 831 2517 1021 2590; x_wconf 91' lang='lat' dir='ltr'><strong>consilium</strong></span> <span class='ocrx_word' id='word_1_105' title='bbox 1047 2542 1069 2588; x_wconf 94' lang='lat' dir='ltr'><strong>a</strong></span> <span class='ocrx_word' id='word_1_106' title='bbox 1092 2518 1207 2590; x_wconf 91' lang='lat' dir='ltr'><strong>doctis</strong></span> <span class='ocrx_word' id='word_1_107' title='bbox 1233 2521 1422 2618; x_wconf 85' lang='lat' dir='ltr'><strong>expetitur.</strong></span> 
     </span>
    </p>
   </div>
   <div class='ocr_carea' id='block_1_5' title="bbox 347 2633 1432 3906">
    <p class='ocr_par' dir='ltr' id='par_1_5' title="bbox 347 2633 1432 3906">
     <span class='ocr_line' id='line_1_16' title="bbox 347 2633 1427 2724; baseline 0.006 -23"><span class='ocrx_word' id='word_1_108' title='bbox 347 2634 525 2722; x_wconf 83' lang='lat' dir='ltr'><strong>«Quibus</strong></span> <span class='ocrx_word' id='word_1_109' title='bbox 553 2633 637 2705; x_wconf 89' lang='lat' dir='ltr'><strong>solis</strong></span> <span class='ocrx_word' id='word_1_110' title='bbox 664 2648 700 2706; x_wconf 88' lang='lat' dir='ltr'><strong>et</strong></span> <span class='ocrx_word' id='word_1_111' title='bbox 725 2633 896 2705; x_wconf 89' lang='lat' dir='ltr'><strong>decenter</strong></span> <span class='ocrx_word' id='word_1_112' title='bbox 924 2633 1119 2724; x_wconf 88' lang='lat' dir='ltr'><strong>acceditur,</strong></span> <span class='ocrx_word' id='word_1_113' title='bbox 1142 2650 1177 2707; x_wconf 92' lang='lat' dir='ltr'><strong>et</strong></span> <span class='ocrx_word' id='word_1_114' title='bbox 1197 2634 1243 2706; x_wconf 86' lang='lat' dir='ltr'><strong>ab</strong></span> <span class='ocrx_word' id='word_1_115' title='bbox 1267 2637 1316 2710; x_wconf 89' lang='lat' dir='ltr'><strong>eis</strong></span> <span class='ocrx_word' id='word_1_116' title='bbox 1339 2637 1427 2708; x_wconf 87' lang='lat' dir='ltr'><strong>ssuc-</strong></span> 
     </span>
     <span class='ocr_line' id='line_1_17' title="bbox 347 2746 1426 2847; baseline 0.008 -31"><span class='ocrx_word' id='word_1_117' title='bbox 347 2779 366 2817; x_wconf 92' lang='lat'>«</span> <span class='ocrx_word' id='word_1_118' title='bbox 386 2751 501 2822; x_wconf 88' lang='lat' dir='ltr'><strong>tuanti</strong></span> <span class='ocrx_word' id='word_1_119' title='bbox 514 2751 566 2828; x_wconf 91' lang='lat' dir='ltr'><strong>rei</strong></span> <span class='ocrx_word' id='word_1_120' title='bbox 587 2749 726 2820; x_wconf 92' lang='lat' dir='ltr'><strong>consilii</strong></span> <span class='ocrx_word' id='word_1_121' title='bbox 747 2746 839 2821; x_wconf 87' lang='lat' dir='ltr'><strong>ratio</strong></span> <span class='ocrx_word' id='word_1_122' title='bbox 858 2751 1027 2847; x_wconf 87' lang='lat' dir='ltr'><strong>aperitur.</strong></span> <span class='ocrx_word' id='word_1_123' title='bbox 1049 2755 1124 2822; x_wconf 86' lang='lat' dir='ltr'><strong>Vos</strong></span> <span class='ocrx_word' id='word_1_124' title='bbox 1144 2752 1181 2821; x_wconf 93' lang='lat' dir='ltr'><strong>in</strong></span> <span class='ocrx_word' id='word_1_125' title='bbox 1202 2752 1426 2825; x_wconf 90' lang='lat' dir='ltr'><strong>consulendo</strong></span> 
     </span>
     <span class='ocr_line' id='line_1_18' title="bbox 348 2861 1425 2962; baseline 0.006 -27"><span class='ocrx_word' id='word_1_126' title='bbox 348 2867 541 2940; x_wconf 74' lang='lat' dir='ltr'><strong>«arbitror</strong></span> <span class='ocrx_word' id='word_1_127' title='bbox 566 2867 718 2942; x_wconf 90' lang='lat' dir='ltr'><strong>idoneos</strong></span> <span class='ocrx_word' id='word_1_128' title='bbox 748 2861 783 2956; x_wconf 86' lang='lat'><strong>⁴,</strong></span> <span class='ocrx_word' id='word_1_129' title='bbox 813 2893 898 2938; x_wconf 93' lang='lat' dir='ltr'><strong>cum</strong></span> <span class='ocrx_word' id='word_1_130' title='bbox 923 2867 969 2939; x_wconf 93' lang='lat' dir='ltr'><strong>ab</strong></span> <span class='ocrx_word' id='word_1_131' title='bbox 993 2869 1115 2939; x_wconf 90' lang='lat' dir='ltr'><strong>animo</strong></span> <span class='ocrx_word' id='word_1_132' title='bbox 1141 2893 1217 2940; x_wconf 93' lang='lat' dir='ltr'><strong>non</strong></span> <span class='ocrx_word' id='word_1_133' title='bbox 1243 2869 1425 2962; x_wconf 89' lang='lat' dir='ltr'><strong>discedat,</strong></span> 
     </span>
     <span class='ocr_line' id='line_1_19' title="bbox 349 2985 1430 3084; baseline 0.005 -31"><span class='ocrx_word' id='word_1_134' title='bbox 349 3000 523 3084; x_wconf 83' lang='lat' dir='ltr'><strong>«quanta</strong></span> <span class='ocrx_word' id='word_1_135' title='bbox 550 2985 681 3057; x_wconf 87' lang='lat' dir='ltr'><strong>virtute</strong></span> <span class='ocrx_word' id='word_1_136' title='bbox 706 2997 741 3056; x_wconf 88' lang='lat' dir='ltr'><strong>et</strong></span> <span class='ocrx_word' id='word_1_137' title='bbox 764 2985 908 3082; x_wconf 91' lang='lat' dir='ltr'><strong>ingenio</strong></span> <span class='ocrx_word' id='word_1_138' title='bbox 936 2986 1064 3077; x_wconf 87' lang='lat' dir='ltr'><strong>vestri,</strong></span> <span class='ocrx_word' id='word_1_139' title='bbox 1093 3010 1339 3084; x_wconf 88' lang='lat' dir='ltr'><strong>saepenumero</strong></span> <span class='ocrx_word' id='word_1_140' title='bbox 1368 2987 1430 3059; x_wconf 91' lang='lat' dir='ltr'><strong>ad·</strong></span> 
     </span>
     <span class='ocr_line' id='line_1_20' title="bbox 349 3102 1430 3200; baseline 0.006 -30"><span class='ocrx_word' id='word_1_141' title='bbox 349 3133 366 3171; x_wconf 87' lang='lat'><strong><em>«</em></strong></span> <span class='ocrx_word' id='word_1_142' title='bbox 387 3102 550 3176; x_wconf 88' lang='lat' dir='ltr'><strong>versariis</strong></span> <span class='ocrx_word' id='word_1_143' title='bbox 569 3103 823 3200; x_wconf 71' lang='lat' dir='ltr'><strong>praenituerim.</strong></span> <span class='ocrx_word' id='word_1_144' title='bbox 846 3106 1009 3200; x_wconf 92' lang='lat' dir='ltr'><strong>Cumque</strong></span> <span class='ocrx_word' id='word_1_145' title='bbox 1024 3129 1089 3174; x_wconf 89' lang='lat' dir='ltr'><strong>vos</strong></span> <span class='ocrx_word' id='word_1_146' title='bbox 1102 3102 1192 3173; x_wconf 92' lang='lat' dir='ltr'><strong>mihi</strong></span> <span class='ocrx_word' id='word_1_147' title='bbox 1211 3104 1378 3175; x_wconf 88' lang='lat' dir='ltr'><strong>manibus</strong></span> <span class='ocrx_word' id='word_1_148' title='bbox 1393 3121 1430 3176; x_wconf 92' lang='lat' dir='ltr'><strong>et</strong></span> 
     </span>
     <span class='ocr_line' id='line_1_21' title="bbox 350 3215 1428 3315; baseline 0.004 -29"><span class='ocrx_word' id='word_1_149' title='bbox 350 3231 612 3290; x_wconf 83' lang='lat' dir='ltr'><strong>«sacramento</strong></span> <span class='ocrx_word' id='word_1_150' title='bbox 645 3216 829 3307; x_wconf 89' lang='lat' dir='ltr'><strong>addictos,</strong></span> <span class='ocrx_word' id='word_1_151' title='bbox 865 3215 977 3288; x_wconf 84' lang='lat' dir='ltr'><strong>fidem</strong></span> <span class='ocrx_word' id='word_1_152' title='bbox 1008 3243 1154 3315; x_wconf 92' lang='lat' dir='ltr'><strong>quoque</strong></span> <span class='ocrx_word' id='word_1_153' title='bbox 1185 3218 1428 3290; x_wconf 85' lang='lat' dir='ltr'><strong>inviolabilem</strong></span> 
     </span>
     <span class='ocr_line' id='line_1_22' title="bbox 350 3334 1430 3425; baseline 0.006 -22"><span class='ocrx_word' id='word_1_154' title='bbox 350 3350 590 3408; x_wconf 87' lang='lat' dir='ltr'><strong>«servaturos</strong></span> <span class='ocrx_word' id='word_1_155' title='bbox 613 3359 689 3405; x_wconf 92' lang='lat' dir='ltr'><strong>non</strong></span> <span class='ocrx_word' id='word_1_156' title='bbox 718 3334 906 3425; x_wconf 91' lang='lat' dir='ltr'><strong>dubitem,</strong></span> <span class='ocrx_word' id='word_1_157' title='bbox 937 3334 1183 3406; x_wconf 91' lang='lat' dir='ltr'><strong>indubitanter</strong></span> <span class='ocrx_word' id='word_1_158' title='bbox 1206 3361 1228 3406; x_wconf 85' lang='lat' dir='ltr'><strong>a</strong></span> <span class='ocrx_word' id='word_1_159' title='bbox 1262 3334 1430 3408; x_wconf 90' lang='lat' dir='ltr'><strong>fidelibus</strong></span> 
     </span>
     <span class='ocr_line' id='line_1_23' title="bbox 350 3451 1430 3549; baseline 0.003 -28"><span class='ocrx_word' id='word_1_160' title='bbox 350 3483 367 3522; x_wconf 78' lang='lat' dir='ltr'><strong>n</strong></span> <span class='ocrx_word' id='word_1_161' title='bbox 390 3451 579 3523; x_wconf 91' lang='lat' dir='ltr'><strong>consilium</strong></span> <span class='ocrx_word' id='word_1_162' title='bbox 596 3465 694 3549; x_wconf 91' lang='lat' dir='ltr'><strong>peto.</strong></span> <span class='ocrx_word' id='word_1_163' title='bbox 717 3451 825 3537; x_wconf 90' lang='lat' dir='ltr'><strong>Quod</strong></span> <span class='ocrx_word' id='word_1_164' title='bbox 845 3451 875 3522; x_wconf 94' lang='lat' dir='ltr'><strong>si</strong></span> <span class='ocrx_word' id='word_1_165' title='bbox 895 3451 983 3522; x_wconf 92' lang='lat' dir='ltr'><strong>mihi</strong></span> <span class='ocrx_word' id='word_1_166' title='bbox 998 3451 1222 3542; x_wconf 91' lang='lat' dir='ltr'><strong>conceditur,</strong></span> <span class='ocrx_word' id='word_1_167' title='bbox 1244 3477 1309 3523; x_wconf 90' lang='lat' dir='ltr'><strong>vos</strong></span> <span class='ocrx_word' id='word_1_168' title='bbox 1323 3455 1430 3524; x_wconf 89' lang='lat' dir='ltr'><strong>etiam</strong></span> 
     </span>
     <span class='ocr_line' id='line_1_24' title="bbox 350 3567 1432 3670; baseline 0.004 -32"><span class='ocrx_word' id='word_1_169' title='bbox 350 3567 658 3668; x_wconf 80' lang='lat' dir='ltr'><strong>«participabitis.</strong></span> <span class='ocrx_word' id='word_1_170' title='bbox 692 3568 729 3639; x_wconf 92' lang='lat' dir='ltr'><strong>Si</strong></span> <span class='ocrx_word' id='word_1_171' title='bbox 753 3593 829 3640; x_wconf 91' lang='lat' dir='ltr'><strong>non</strong></span> <span class='ocrx_word' id='word_1_172' title='bbox 843 3569 1062 3670; x_wconf 81' lang='lat' dir='ltr'><strong>suggeritur,</strong></span> <span class='ocrx_word' id='word_1_173' title='bbox 1093 3570 1184 3641; x_wconf 86' lang='lat' dir='ltr'><strong>forte</strong></span> <span class='ocrx_word' id='word_1_174' title='bbox 1214 3596 1290 3642; x_wconf 94' lang='lat' dir='ltr'><strong>non</strong></span> <span class='ocrx_word' id='word_1_175' title='bbox 1318 3570 1432 3644; x_wconf 90' lang='lat' dir='ltr'><strong>aberit</strong></span> 
     </span>
     <span class='ocr_line' id='line_1_25' title="bbox 351 3686 1432 3788; baseline 0.003 -30"><span class='ocrx_word' id='word_1_176' title='bbox 351 3686 621 3788; x_wconf 76' lang='lat' dir='ltr'><strong>«dispendium</strong></span> <span class='ocrx_word' id='word_1_177' title='bbox 644 3688 703 3759; x_wconf 94' lang='lat' dir='ltr'><strong>cui</strong></span> <span class='ocrx_word' id='word_1_178' title='bbox 730 3687 920 3760; x_wconf 92' lang='lat' dir='ltr'><strong>indecores</strong></span> <span class='ocrx_word' id='word_1_179' title='bbox 946 3688 1198 3760; x_wconf 92' lang='lat' dir='ltr'><strong>succumbatis.</strong></span> <span class='ocrx_word' id='word_1_180' title='bbox 1230 3695 1324 3788; x_wconf 90' lang='lat' dir='ltr'><strong>Ergo</strong></span> <span class='ocrx_word' id='word_1_181' title='bbox 1347 3691 1432 3788; x_wconf 91' lang='lat' dir='ltr'><strong>quia</strong></span> 
     </span>
     <span class='ocr_line' id='line_1_26' title="bbox 349 3804 1426 3906; baseline 0.003 -31"><span class='ocrx_word' id='word_1_182' title='bbox 349 3839 366 3876; x_wconf 79' lang='lat' dir='ltr'><strong>n</strong></span> <span class='ocrx_word' id='word_1_183' title='bbox 389 3833 457 3906; x_wconf 95' lang='lat' dir='ltr'><strong>pro</strong></span> <span class='ocrx_word' id='word_1_184' title='bbox 469 3807 543 3877; x_wconf 85' lang='lat' dir='ltr'><strong>vita</strong></span> <span class='ocrx_word' id='word_1_185' title='bbox 555 3805 689 3903; x_wconf 89' lang='lat' dir='ltr'><strong>agitur,</strong></span> <span class='ocrx_word' id='word_1_186' title='bbox 704 3805 894 3878; x_wconf 90' lang='lat' dir='ltr'><strong>consilium</strong></span> <span class='ocrx_word' id='word_1_187' title='bbox 908 3804 994 3877; x_wconf 92' lang='lat' dir='ltr'><strong>utile</strong></span> <span class='ocrx_word' id='word_1_188' title='bbox 1008 3806 1201 3879; x_wconf 82' lang='lat' dir='ltr'><strong>liberaliter</strong></span> <span class='ocrx_word' id='word_1_189' title='bbox 1216 3807 1426 3906; x_wconf 86' lang='lat' dir='ltr'><strong>expromite.</strong></span> 
     </span>
    </p>
   </div>
   <div class='ocr_carea' id='block_1_6' title="bbox 345 4045 1432 4374">
    <p class='ocr_par' dir='ltr' id='par_1_6' title="bbox 383 4047 567 4083">
     <span class='ocr_line' id='line_1_27' title="bbox 383 4047 567 4083; baseline -0.016 -22"><span class='ocrx_word' id='word_1_190' title='bbox 383 4049 399 4083; x_wconf 54' lang='lat' dir='ltr'><strong>,p</strong></span> <span class='ocrx_word' id='word_1_191' title='bbox 562 4047 567 4058; x_wconf 95' lang='lat'>.</span> 
     </span>
    </p>

    <p class='ocr_par' dir='ltr' id='par_1_7' title="bbox 345 4045 1432 4374">
     <span class='ocr_line' id='line_1_28' title="bbox 385 4045 1431 4200; baseline -0.007 -16"><span class='ocrx_word' id='word_1_192' title='bbox 385 4133 393 4163; x_wconf 89' lang='lat'>¹</span> <span class='ocrx_word' id='word_1_193' title='bbox 414 4049 441 4184; x_wconf 88' lang='lat' dir='ltr'><strong>iO</strong></span> <span class='ocrx_word' id='word_1_194' title='bbox 448 4045 718 4200; x_wconf 56' lang='lat' dir='ltr'><strong>&#39;qiltobbsdisirigenium</strong></span> <span class='ocrx_word' id='word_1_195' title='bbox 739 4123 875 4196; x_wconf 88' lang='lat' dir='ltr'><strong>cogitandi</strong></span> <span class='ocrx_word' id='word_1_196' title='bbox 895 4136 922 4176; x_wconf 94' lang='lat' dir='ltr'><strong>et</strong></span> <span class='ocrx_word' id='word_1_197' title='bbox 941 4124 1009 4176; x_wconf 87' lang='lat' dir='ltr'><strong>ratio</strong></span> <span class='ocrx_word' id='word_1_198' title='bbox 1031 4122 1138 4178; x_wconf 90' lang='lat' dir='ltr'><strong>dicendi</strong></span> <span class='ocrx_word' id='word_1_199' title='bbox 1156 4124 1273 4178; x_wconf 89' lang='lat' dir='ltr'><strong>reddidit</strong></span> <span class='ocrx_word' id='word_1_200' title='bbox 1299 4125 1431 4177; x_wconf 80' lang='lat' dir='ltr'><strong>clariores·</strong></span> 
     </span>
     <span class='ocr_line' id='line_1_29' title="bbox 347 4207 1432 4284; baseline -0.008 -15"><span class='ocrx_word' id='word_1_201' title='bbox 347 4219 422 4284; x_wconf 79' lang='lat' dir='ltr'><strong>Quor</strong></span> <span class='ocrx_word' id='word_1_202' title='bbox 435 4233 491 4268; x_wconf 90' lang='lat' dir='ltr'><strong>non</strong></span> <span class='ocrx_word' id='word_1_203' title='bbox 503 4212 597 4266; x_wconf 91' lang='lat' dir='ltr'><strong>dubito</strong></span> <span class='ocrx_word' id='word_1_204' title='bbox 609 4211 643 4264; x_wconf 90' lang='lat' dir='ltr'><strong>de</strong></span> <span class='ocrx_word' id='word_1_205' title='bbox 655 4210 766 4281; x_wconf 88' lang='lat' dir='ltr'><strong>pernitie</strong></span> <span class='ocrx_word' id='word_1_206' title='bbox 778 4210 913 4260; x_wconf 89' lang='lat' dir='ltr'><strong>bonorum</strong></span> <span class='ocrx_word' id='word_1_207' title='bbox 925 4207 1026 4261; x_wconf 89' lang='lat' dir='ltr'><strong>dolere.</strong></span> <span class='ocrx_word' id='word_1_208' title='bbox 1040 4209 1136 4279; x_wconf 87' lang='lat' dir='ltr'><strong>quibus</strong></span> <span class='ocrx_word' id='word_1_209' title='bbox 1151 4209 1251 4280; x_wconf 84' lang='lat' dir='ltr'><strong>ingenti</strong></span> <span class='ocrx_word' id='word_1_210' title='bbox 1262 4209 1358 4262; x_wconf 85' lang='lat' dir='ltr'><strong>virtute</strong></span> <span class='ocrx_word' id='word_1_211' title='bbox 1369 4226 1432 4279; x_wconf 90' lang='lat' dir='ltr'><strong>pro·</strong></span> 
     </span>
     <span class='ocr_line' id='line_1_30' title="bbox 345 4291 960 4374; baseline -0.02 -19"><span class='ocrx_word' id='word_1_212' title='bbox 345 4301 460 4374; x_wconf 78' lang='lat' dir='ltr'><strong>positum</strong></span> <span class='ocrx_word' id='word_1_213' title='bbox 474 4298 507 4350; x_wconf 85' lang='lat' dir='ltr'><strong>sit</strong></span> <span class='ocrx_word' id='word_1_214' title='bbox 520 4293 649 4366; x_wconf 84' lang='lat' dir='ltr'><strong>improbis</strong></span> <span class='ocrx_word' id='word_1_215' title='bbox 661 4292 809 4363; x_wconf 80' lang='lat' dir='ltr'><strong>displicere.</strong></span> <span class='ocrx_word' id='word_1_216' title='bbox 822 4292 856 4344; x_wconf 84' lang='lat' dir='ltr'><strong>Et</strong></span> <span class='ocrx_word' id='word_1_217' title='bbox 868 4291 960 4344; x_wconf 81' lang='lat' dir='ltr'><strong>deleta.</strong></span> 
     </span>
    </p>
   </div>
   <div class='ocr_carea' id='block_1_7' title="bbox 0 0 1665 5294">
    <p class='ocr_par' dir='ltr' id='par_1_8' title="bbox 0 0 1665 5294">
     <span class='ocr_line' id='line_1_31' title="bbox 0 0 1665 5294; baseline 0 0"><span class='ocrx_word' id='word_1_218' title='bbox 0 0 1665 5294; x_wconf 95' lang='lat' dir='ltr'><strong> </strong></span> 
     </span>
    </p>
   </div>
  </div>
 </body>
</html>
