3320 5296
370 487 433 550 Μ
736 485 902 548 lllCHElll
923 485 998 548 LIB.
1021 485 1075 545 IV.

368 621 461 692 iuter
477 615 747 708 celebrandum,
773 616 998 689 eukaristiam
1017 615 1163 716 optulit,
1190 629 1226 687 et
1243 614 1301 686 ille
1315 639 1445 688 conse

369 751 520 834 quanter
540 735 707 834 sumpsit,
724 749 831 833 atque
844 732 891 806 ad
900 733 1070 831 juditium
1092 733 1159 806 sibi
1182 731 1260 804 fieri
1282 733 1438 832 optavit,

367 855 397 926 si
410 853 484 926 ullo
497 852 611 924 modo
626 850 712 936 fidei
725 852 878 924 violator
891 853 1065 924 existeret.
1087 849 1195 940 Quod
1207 849 1353 922 tandem
1365 853 1443 948 regi

367 986 403 1056 et
420 969 628 1069 primatibus
644 969 755 1042 fidem
773 969 867 1042 lecit.

642 1187 745 1254 XXXI.
758 1217 798 1228 -ι-
806 1187 1009 1259 Reprehensio*
1022 1187 1056 1240 de
1071 1187 1174 1240 eodem.

417 1353 606 1426 Nonnullis
633 1369 757 1426 tamen
780 1333 942 1452 'quorum
981 1379 1083 1425 mens
1115 1353 1296 1453 purgatior
1338 1368 1440 1444 erat,

368 1470 544 1543 nefarium
561 1486 597 1544 et
613 1487 739 1544 contra
756 1470 841 1544 fidei
853 1472 912 1568 jus
927 1471 966 1542 id
983 1469 1158 1543 creditum
1172 1486 1234 1542 est.
1257 1469 1445 1567 Ejusmodi

370 1584 468 1655 enim
485 1601 619 1658 natura
636 1585 823 1663 hominem
836 1610 911 1658 esse
931 1583 1090 1676 aiebant,
1109 1599 1148 1656 ut
1167 1583 1267 1660 facile
1283 1609 1348 1684 per
1366 1609 1447 1656 sese

369 1717 619 1802 corrumpatur
648 1703 685 1773 in
718 1727 781 1793 se,
807 1701 958 1802 amplius
983 1727 1073 1774 vero.
1099 1701 1359 1801 inpulsionibus
1396 1701 1445 1772 ad

369 1817 542 1915 flagitium
565 1818 785 1900 extrinsecus
800 1843 904 1918 posse
927 1817 1096 1917 pertrahi.
1125 1817 1336 1890 Asserebant
1351 1842 1445 1914 quo-

370 1960 441 2032 que
462 1959 506 2007 ex
525 1934 676 2008 decretis
693 1950 836 2034 patrum
858 1950 893 2007 et
912 1927 919 1970 ⁸
946 1959 1127 2020 canonum
1146 1936 1302 2034 scriptis,
1324 1960 1445 2032 neque

368 2046 521 2119 invitum
542 2044 589 2118 ad
610 2046 833 2119 eucaristiam
853 2044 1133 2144 impellendum,
1157 2070 1275 2142 neque
1293 2045 1446 2118 eucaris-

370 2160 457 2234 tiam
473 2160 683 2260 perditionis
700 2185 805 2234 causa
828 2162 997 2258 cuiquam
1012 2161 1252 2252 offerendam,
1280 2187 1365 2238 cum
1388 2187 1445 2233 re-

371 2277 588 2377 demptionis
605 2281 715 2378 gratia
731 2295 766 2352 et
783 2279 988 2378 petentibus
1009 2279 1247 2370 offerendam,
1266 2295 1304 2352 et
1326 2281 1449 2354 inritis

372 2395 573 2494 negandam
605 2396 827 2482 credendum
856 2398 918 2488 sit3
947 2396 1136 2494 indignum
1169 2397 1276 2470 etiam
1306 2396 1442 2486 videri,

371 2537 503 2612 panem
521 2515 730 2613 angelorum
749 2531 784 2588 et
801 2514 1003 2606 hominum,
1023 2529 1156 2586 temere
1174 2513 1328 2611 indiguis
1345 2513 1441 2605 dari,

371 2654 457 2702 cum
479 2631 556 2729 ipsa
580 2633 752 2704 Divinitas
780 2647 815 2703 et
831 2630 1026 2703 inmundos
1048 2631 1257 2720 abhorreat,
1280 2644 1316 2702 et
1334 2655 1449 2729 puros

368 2746 465 2820 ¹mira
499 2749 667 2846 parcitate
703 2749 820 2821 foveat
832 2803 843 2839 ,
877 2750 978 2846 juxta
1016 2749 1116 2846 quod
1152 2749 1324 2847 scriptum
1365 2763 1444 2820 est:

376 2892 395 2932 u
416 2863 566 2963 Spiritus
583 2841 724 2938 sancius
739 2863 932 2965 disciplinae
945 2860 1086 2963 effugiet
1098 2865 1239 2955 fictum,
1261 2880 1295 2936 et
1313 2864 1447 2937 auferet

376 3007 395 3047 a
417 3003 493 3051 sea
515 2979 786 3077 cogitationibus
804 3006 882 3080 quae
902 2997 984 3065 suut
1007 2983 1083 3053 sine
1099 2981 1292 3072 intellectu,
1315 2997 1350 3054 et
1366 3007 1448 3054 cor·

378 3125 396 3164 a
418 3097 566 3195 ripietur
593 3122 615 3168 a
636 3099 907 3197 superveniente
931 3099 1165 3196 iniquitate.»
1191 3097 1244 3169 Ab
1271 3099 1451 3197 episcopis

376 3238 460 3311 ergo
478 3217 672 3286 Remorum
695 3215 878 3288 dioceseos
896 3215 1079 3288 ordinatus
1101 3214 1265 3286 Arnulfus
1283 3230 1318 3286 et
1335 3239 1450 3286 sacer-

376 3328 554 3402 dotalibus
579 3328 699 3402 infulis
731 3328 900 3403 decenter
924 3331 1109 3428 insignitus
1126 3323 1201 3400 est.
1231 3333 1304 3401 Nec
1333 3329 1449 3401 multo

261 3505 263 3510 .
375 3462 470 3549 post,
492 3471 623 3547 apapa
647 3451 809 3534 Romano
830 3449 977 3532 mosum
1002 3445 1205 3547 apostolicae
1231 3446 1450 3554 auctoritatis

376 3563 524 3666 pallium
541 3566 703 3664 sumpsit.
816 3611 820 3620 ·
1033 3556 1036 3562 ¹

412 3835 427 3870 ⁴*
444 3835 467 3886 R
479 3834 567 3886 abscis.

414 3926 428 3976 l
442 3936 469 3996 et,
479 3935 507 3994 et
515 3921 604 3992 codex.
