3308 5286
371 469 413 530 34
731 471 896 533 RICHERI
919 472 995 536 ΠΒ.
1020 473 1079 532 ΙΙΙ.

372 633 390 670 «
412 627 482 706 que
499 603 614 676 valeat
634 603 791 677 dissolvi.
815 604 919 682 Unde
944 621 979 678 et
1001 632 1021 678 a
1040 607 1143 679 vobis
1163 607 1260 680 idem
1280 607 1442 684 roborari

371 750 389 789 u
410 720 507 792 volo.
542 749 560 788 n
585 722 739 794 Sinodus
767 721 855 794 dixit
883 752 939 794 :u
969 722 1182 797 Roboretur.
1216 755 1234 794 u
1258 727 1442 800 Prolatum

367 835 473 932 igitur
497 860 518 907 a
538 836 833 936 metropolitano,
854 839 891 909 in
914 839 1067 911 concilio
1096 841 1283 912 recitatum
1304 857 1358 913 est
1380 843 1442 914 eis·

366 977 438 1050 que
456 967 680 1050 porrectum,
706 967 742 1026 et
764 953 809 1026 ab
830 979 957 1026 eorum
979 955 1125 1052 singulis
1146 980 1256 1028 manu
1276 957 1443 1057 imposita

366 1066 588 1139 roboratum.
616 1069 725 1156 Quod
748 1070 855 1142 etiam
879 1096 900 1142 a
927 1073 1113 1145 monachis
1136 1075 1199 1170 qui
1223 1073 1273 1146 ibi
1295 1075 1443 1147 aderant

365 1200 573 1284 exceptum,
594 1186 739 1258 archivo
758 1189 964 1259 monasterii
984 1188 1136 1262 relatum
1157 1206 1222 1262 est.

382 1362 486 1415 XXXI.
499 1392 535 1404 -
546 1361 728 1432 conquestio*
740 1363 959 1436 meuopolitcni*
978 1366 1011 1419 de
1023 1367 1243 1422 monachorum*
1256 1367 1422 1440 religione*‚

708 1454 883 1525 rituumque*
896 1457 1060 1510 correctione
1069 1457 1096 1508 *.

412 1583 508 1650 Inter
524 1578 600 1650 haec
619 1603 765 1676 quoque
785 1595 821 1651 et
845 1579 913 1651 alia
937 1581 1036 1653 utilia
1062 1607 1142 1678 quae
1167 1580 1218 1652 ibi
1245 1582 1440 1653 constituta

365 1710 475 1786 sunt,
515 1693 561 1766 de
596 1695 860 1766 monachorum
894 1695 1064 1794 religione
1101 1723 1123 1772 a
1163 1697 1441 1796 metropolitano

365 1827 466 1882 motu
493 1812 698 1908 gravissuno
716 1814 926 1910 conquestio
952 1813 1073 1886 habita
1095 1829 1170 1906 est,
1199 1815 1369 1911 eoquod
1396 1814 1442 1884 ri·

364 1942 421 1998 tus
439 1927 669 2023 amajoribus
687 1929 887 2020 constituti,
915 1953 936 1999 a
959 1929 1176 2027 quibusdam
1200 1928 1385 2028 depravati
1407 1943 1443 2000 et

365 2045 542 2115 immutati
565 2044 783 2153 viderentur.
806 2043 910 2116 Unde
929 2059 964 2115 et
988 2044 1055 2116 sub
1081 2047 1333 2144 cpiscoporum
1351 2070 1441 2143 prae·

365 2162 477 2231 sentia
502 2160 547 2231 ab
574 2159 704 2231 eodem
729 2158 916 2232 decretum
940 2174 993 2230 est
1025 2175 1066 2231 ut
1088 2159 1313 2232 diversorum
1341 2159 1442 2231 loco·

365 2301 447 2348 rum
464 2275 609 2348 abbates
622 2277 871 2367 convenirent,
893 2290 929 2348 et
946 2276 1030 2348 inde
1048 2277 1180 2348 utiliter
1198 2276 1438 2348 consulerent.

365 2393 549 2491 Hujusque
568 2392 742 2465 habendssae
759 2393 908 2463 rationis
925 2406 1067 2490 tempus
1081 2408 1116 2464 et
1133 2391 1234 2465 locus
1252 2418 1338 2464 mox
1351 2416 1446 2490 con-¹

367 2512 488 2586 stitute
505 2525 607 2602 sunt,
629 2511 732 2583 etsie
750 2510 898 2582 sinodus
916 2509 1032 2582 solute
1050 2525 1116 2581 est.

483 2697 603 2750 XXXII.
616 2694 741 2762 -Quod
755 2695 836 2747 abbas
849 2693 981 2748 Rodull'us
993 2695 1121 2747 abbatum
1131 2694 1230 2765 primes
1242 2694 1330 2747 fuerit.

418 2830 556 2896 Interea
573 2838 714 2922 tempus
731 2820 886 2894 advenit.
908 2821 1061 2892 Abbates
1081 2845 1228 2918 quoque
1242 2846 1286 2891 ex
1304 2820 1446 2891 diverso

370 2943 408 3012 in
426 2965 541 3012 unum
558 2939 698 3011 collecti
715 2954 810 3010 sunt.
839 2941 1004 3024 Quorum
1026 2938 1226 3036 praecipuus
1253 2949 1288 3007 et
1314 2935 1447 3034 primas
1518 2983 1523 2992 ·

370 3057 583 3130 constitutus
596 3071 649 3127 est
674 3056 730 3127 vir
750 3039 840 3126 di'vae
860 3054 1042 3126 memoriae
1053 3052 1249 3142 Rodullus‚
1267 3078 1310 3123 ex
1328 3075 1448 3124 coeno-

370 3174 432 3246 bio
452 3173 565 3246 suncti
583 3172 730 3269 Remigii
748 3169 869 3244 abbas.
891 3174 973 3257 Quo
992 3167 1204 3269 praesidente
1225 3182 1261 3240 et
1283 3165 1447 3265 prelatu-

358 3279 419 3364 'rae
437 3290 645 3387 dignitatem
662 3303 828 3377 tenente,
850 3285 909 3357 elii
927 3287 1062 3357 circum
1080 3285 1243 3384 dispositi
1260 3299 1356 3356 sunt.
1377 3285 1449 3354 Me-

373 3407 609 3507 tropolitanus
629 3429 715 3476 vero
740 3426 783 3476 ex
801 3402 952 3475 adverso
971 3401 1198 3476 in‘cliotedro
1218 3398 1360 3472 resedit.
1379 3398 1449 3485 Qui

373 3524 540 3623 primatis
551 3522 774 3618 aliorumque
792 3534 936 3618 patrum
952 3517 1098 3589 hortatu
1120 3519 1375 3605 concionatus,
1401 3515 1451 3589 sic

374 3641 588 3742 prelocutus
609 3656 687 3712 est:

396 3823 529 3877 XXXIII.
543 3851 580 3864 -
589 3820 744 3874 Praelocutio
755 3818 787 3855 Η
802 3816 997 3890 metropolitani
1005 3816 1037 3851 *l*
1057 3815 1086 3868 in
1099 3814 1194 3868 sinodo
1203 3814 1236 3850 *⁴¹*
1248 3809 1425 3866 ahbatum&

427 3988 445 4026 α
472 3961 642 4054 Magnum
662 3971 728 4046 est,
753 3968 871 4054 patres
895 3951 1120 4042 sanctissimi,
1146 3950 1265 4022 bonos
1290 3970 1454 4046 quosque

412 4162 428 4196 *
446 4161 525 4227 estio,
536 4160 634 4234 polite,
646 4177 714 4225 ona,
728 4157 807 4230 eligi,
821 4157 892 4222 ritu,
905 4155 992 4208 ctione
1007 4155 1114 4207 abscisa.

413 4247 445 4284 ἢ
463 4248 552 4311 cutio,
565 4243 708 4316 opolitani‚
722 4241 795 4307 odo,
810 4260 857 4294 um
868 4241 974 4292 abscisa.
