3324 5298
367 575 429 638 246
726 569 893 630 RICHERI
915 569 991 630 ulls.
1018 569 1070 630 IV.

367 707 542 805 episcopis
559 704 672 776 multa
685 703 781 776 illata
792 703 902 795 fuere,
924 703 1053 801 quibus
1068 704 1258 776 conclusus
1274 707 1434 794 cessavit,

367 807 403 897 et
413 823 472 897 ille
484 839 524 895 ut
535 823 652 922 potuit
659 821 729 894 alia
741 822 905 913 intendit,
920 819 988 892 alia
998 820 1164 919 reppulit,
1177 823 1292 893 victus
1302 837 1435 914 tamen,

367 954 659 1038 argumentorum
677 938 873 1011 rationibus
898 937 1107 1027 succubuit,
1124 953 1160 1009 et
1173 963 1249 1010 sese
1272 963 1375 1010 reum
1397 957 1440 1012 ac

367 1059 566 1134 sacerdotio
580 1058 768 1155 indignum
780 1045 904 1128 coram
917 1055 1099 1128 confessus
1113 1071 1176 1127 est.

598 1263 684 1317 Lxx.
694 1285 730 1310 -ε-
740 1263 843 1334 Regum
853 1262 870 1298 *
882 1261 1035 1333 ingressus*
1048 1262 1077 1319 in
1091 1261 1225 1317 sinodum.
1279 1275 1283 1288 ¹

418 1423 526 1513 Quod
540 1449 623 1495 cum
636 1423 777 1521 regibus
790 1439 992 1521 suggestum
1013 1440 1078 1514 est,
1099 1425 1167 1523 ipsi
1179 1449 1263 1496 cum
1284 1427 1441 1523 primati-

369 1543 436 1614 bus
448 1566 548 1614 sacro
562 1543 814 1640 episcoporum
827 1543 1020 1614 conventui
1036 1567 1112 1614 sese
1129 1542 1300 1634 inferunt,
1316 1545 1442 1640 gratias
1461 1555 1464 1560 '

369 1661 545 1758 episcopis
557 1657 765 1748 reddentes,
781 1683 824 1729 eo
838 1656 938 1754 quod
948 1682 1016 1754 pro
1029 1683 1067 1728 se
1078 1672 1113 1729 et
1124 1657 1234 1730 salute
1240 1660 1442 1757 principum

370 1775 438 1860 diu·
451 1775 715 1876 deliberassent.
738 1779 868 1854 Petunt
881 1799 1024 1871 quoque
1039 1789 1219 1871 gestorum
1232 1776 1359 1846 seriem
1375 1776 1443 1846 sibi

372 1893 505 1984 evolvi,
521 1907 557 1964 et
568 1893 607 1962 in
620 1916 693 1990 quo
705 1892 926 1962 constiterint
938 1891 1118 1962 rationum
1128 1888 1212 1962 line.
1226 1894 1324 1962 Tunc
1337 1891 1443 1962 etiam

373 2011 535 2081 omnium
562 2023 743 2106 gestorum
767 2009 891 2096 serieS,
919 2005 1061 2102 regibus
1087 2007 1245 2103 exposita
1270 2021 1332 2078 est.
1361 2010 1444 2078 Post

371 2125 535 2198 auditum
548 2117 760 2198 narrationis
773 2122 950 2212 ordinem,
962 2123 1038 2217 jam
1047 2136 1187 2220 tempus
1198 2121 1320 2195 adesse
1327 2123 1444 2219 juditii

372 2241 537 2314 habende
549 2254 761 2314 asseverant.
777 2244 876 2310 Tunc
894 2240 1051 2338 episcopi
1069 2239 1255 2312 Arnulfum
1268 2255 1309 2311 ut
1320 2266 1445 2337 regum

373 2353 522 2450 genibus
532 2351 764 2452 provolvatur
775 2363 1020 2442 commonent,
1031 2364 1169 2421 reatum
1184 2376 1328 2448 quoque
1341 2377 1445 2423 suurn

374 2469 599 2559 confiteatur,
620 2482 727 2564 atque
746 2491 813 2566 pro
836 2461 898 2538 sui
915 2467 1007 2556 vita,
1032 2481 1068 2537 et
1083 2465 1336 2537 membrorum
1356 2470 1445 2538 inte·

375 2588 500 2684 gritate
524 2584 710 2684 supplicet.
738 2583 800 2655 llle
822 2609 906 2654 mox
930 2583 1162 2653 dominorum
1184 2569 1336 2682 pedibus
1360 2609 1445 2681 pro·

374 2718 520 2792 stratus,
535 2703 670 2774 crimen
684 2701 865 2772 confessus
877 2715 945 2790 est;
960 2714 995 2771 et
1004 2697 1202 2792 sacerdotio
1212 2723 1249 2770 se
1259 2699 1445 2796 indignum

374 2845 533 2892 asserens
543 2855 557 2909 ,=
573 2843 640 2917 pro
660 2819 732 2890 vita
749 2833 785 2889 et
802 2816 972 2888 membris
985 2816 1137 2888 suffusus
1154 2815 1307 2888 lacrimis
1323 2832 1445 2915 postu·

374 2937 481 3009 labat.
504 2937 608 3008 Unde
625 2951 661 3007 et
683 2935 885 3006 universam
898 2933 1092 3006 sinodum
1083 2959 1120 3004 m
1137 2931 1300 3003 lacrimas
1317 2933 1441 3029 coegit.

376 3056 510 3149 Reges
509 3051 620 3122 multa
638 3051 768 3150 pietate
791 3051 889 3154 flexi,
911 3051 1021 3122 vitam
1042 3066 1077 3122 et
1094 3049 1368 3122 membrorum
1359 3065 1446 3120 mte-

375 3171 537 3266 gritatem
559 3167 756 3264 indulgent.
778 3166 852 3237 Sub
872 3168 1034 3239 custodia
1051 3169 1125 3260 sui,
1146 3167 1280 3265 absque
1300 3168 1393 3239 ferro
1412 3181 1446 3238 et

374 3285 524 3358 vinculis
536 3284 745 3357 habendum
758 3284 966 3355 decernunt

736 3507 884 3559 LXXL—
895 3509 1037 3560 Decretale
1043 3507 1087 3563 Ἡ.

422 3672 467 3738 Et
483 3692 504 3738 a
521 3681 617 3738 terra
633 3681 771 3737 erectus
781 3643 1044 3761 ,interrogatur
1057 3688 1102 3734 an
1117 3663 1380 3735 abdicationem
1393 3664 1446 3733 sui

373 3807 555 3856 canonum
568 3781 777 3852 auctoritate
789 3779 1033 3875 sollempnrter
1044 3778 1129 3851 velit
1140 3776 1322 3850 celebrar1
1340 3776 1446 3864 Quod

372 3924 456 3970 cum
469 3899 722 3997 episcoporum
733 3897 950 3972 ordinationi
966 3912 1083 3968 totum
1100 3885 1349 3986 commi'tt,eret
1364 3920 1445 3965 mox

372 4017 557 4089 decretum
576 4030 646 4105 est,
667 4031 707 4087 ut
719 4016 803 4114 quia
821 4043 858 4089 se
874 4018 1064 4114 indignum
1077 4013 1277 4086 sacerdotio
1296 4010 1447 4084 conlite-

405 4240 422 4274 *
440 4239 542 4309 Regum
555 4239 600 4310 ing
613 4239 717 4292 abscisa.

404 4322 436 4358 **
453 4324 547 4376 Decret
559 4323 624 4375 absc.
