3324 5298
380 528 441 590 ‘266
735 521 902 584 lllCHElll
925 521 1000 584 Llll.
1026 523 1081 584 lv.

374 685 445 757 que
469 658 516 731 ad
532 659 541 694 ⁴
566 681 680 730 unum
700 655 793 728 latus
810 655 1037 728 obsidionem
1057 679 1122 754 per
1140 670 1272 728 terram
1285 659 1447 750 ordinat,

375 775 422 850 ad
442 775 594 848 alterum
610 798 695 846 vero
722 797 787 872 per
804 773 957 869 Ligerim
981 773 1109 846 classes
1131 774 1325 872 piratarum
1343 776 1450 850 adhi-

373 892 435 965 het
448 893 477 965 ².
504 893 668 990 Undique
682 915 768 988 ergo
787 889 976 968 obsidione
998 891 1181 989 disposita,
1204 915 1225 962 a
1243 893 1365 990 piratis
1383 921 1448 993 per

374 1010 536 1100 lluvium,
561 1035 583 1080 a
609 1007 801 1080 Brittannis
817 1032 883 1106 per
908 1023 1039 1080 terram
1066 1007 1194 1086 urbani
1219 1007 1450 1082 vehementer

375 1141 560 1223 urgentur.
584 1130 656 1198 Nec
677 1125 795 1196 minus
815 1125 877 1221 qui
893 1125 931 1194 in
955 1146 1038 1197 arce
1055 1139 1317 1216 remanserant,
1351 1151 1449 1198 asu·

372 1243 572 1340 perioribus
601 1241 804 1338 jaculorum
835 1239 974 1313 diversa
1003 1265 1134 1339 genera
1167 1241 1445 1340 praecipitahant.

375 1362 527 1458 Parique
559 1357 816 1458 inpugnatione
845 1357 1070 1458 superiorum
1102 1372 1209 1454 atque
1240 1357 1449 1431 inferiorum

372 1477 435 1574 qui
459 1476 569 1548 medii
599 1491 701 1548 erant
729 1474 962 1552 vexabantur.
993 1478 1083 1546 Nam
1107 1474 1227 1572 quiin
1249 1499 1330 1547 arce
1351 1490 1388 1548 et
1412 1478 1448 1548 in

373 1594 565 1666 obsidione
577 1594 773 1684 certabant,
789 1592 929 1666 Conani
946 1607 1065 1690 partes
1086 1589 1288 1664 tuebantur.
1316 1592 1450 1666 Urbani

372 1735 458 1782 vero
476 1736 543 1810 pro
564 1710 729 1792 Falconis
742 1711 891 1782 victoria
907 1728 1056 1808 operam
1070 1709 1216 1786 dabant.
1245 1715 1318 1782 Nec
1331 1712 1450 1783 minus

370 1826 478 1898 Fuleo
493 1828 615 1924 copias
631 1825 803 1924 parabat,
824 1825 1070 1917 uenenorum
1094 1839 1167 1896 tam
1187 1824 1234 1896 de
1251 1825 1323 1896 suis
1340 1850 1449 1923 quam

371 1949 605 2021 conducticiis
634 1947 885 2047 congregabat.
924 1947 1053 2023 Audito
1077 1946 1089 1984 ³
1131 1967 1217 2018 vero
1260 1950 1448 2021 Conanum

373 2065 477 2137 urbi⁸
493 2065 721 2138 ohsidionem
738 2064 947 2142 adhibuisse
958 2061 992 2154 ³,
1008 2088 1095 2135 mox
1105 2062 1283 2159 legionem
1301 2066 1450 2138 Brittan-

374 2183 442 2254 niae
460 2183 576 2256 insert.

489 2363 494 2384 ’
612 2380 767 2434 Lxxxnt.
776 2409 813 2421 -
824 2378 929 2432 nolus*
942 2377 1077 2432 Fulcoui*
1087 2392 1203 2451 paratus.

329 2525 332 2534 ’
422 2543 503 2612 Erat
528 2565 677 2641 campus
695 2565 771 2617 non
793 2540 897 2617 valde
915 2541 1061 2639 procul,
1086 2540 1309 2639 longitudine
1334 2545 1388 2614 sui
1415 2560 1450 2617 et

370 2655 559 2729 latitudine
583 2675 719 2750 vastus,
749 2658 920 2738 filicetum
944 2659 982 2729 in
1008 2685 1046 2732 se
1073 2661 1271 2763 maximum
1297 2659 1445 2733 hahens.

370 2773 436 2843 Hic
456 2777 625 2847 Conanus
644 2775 766 2848 locum
787 2776 934 2872 gerendi
954 2775 1039 2848 belli
1057 2779 1290 2867 constituens,
1308 2777 1450 2852 insidia·

371 2915 459 2974 rum*
470 2888 575 2961 dolos
587 2891 729 2962 inludit.
752 2896 842 2964 Nam
854 2893 965 2964 fossas
983 2918 1093 2991 quam
1111 2895 1231 2993 plures
1250 2894 1300 2965 ibi
1318 2898 1448 2968 inmer-

368 3029 469 3101 gem,
485 3006 591 3103 virgis
610 3023 646 3092 et
662 3008 855 3084 viminibus
874 3009 1084 3108 stipulisque
1104 3035 1229 3083 earum
1252 3011 1370 3084 hiatus
1388 3012 1448 3085 de·

370 3125 657 3220 superoperuit,
685 3125 781 3196 intus
805 3127 956 3198 surculis
978 3126 1115 3220 defixis,
1141 3130 1204 3226 qui
1226 3131 1410 3229 superiora
1434 3131 1445 3167 ⁴

370 3239 627 3312 continerent*
649 3257 684 3313 et
706 3242 921 3320 soliditatem
939 3243 1139 3342 superficiei
1165 3247 1384 3320 simularent.
1406 3252 1449 3319 Et

370 3367 410 3425 ut
435 3356 600 3428 simulata
629 3357 835 3456 superficies
867 3361 1009 3458 penitus
1038 3363 1183 3454 lateret,
1211 3364 1344 3444 ¹filicem
1373 3366 1448 3437 col·

368 3471 498 3544 lectam
517 3474 672 3574 desuper
691 3479 870 3580 respersit,
888 3479 1105 3578 insidiasque
1119 3481 1363 3556 dissimulavit.

405 3697 420 3728 ¹*
440 3661 507 3761 liol,
521 3697 550 3749 ni
561 3698 666 3754 abscisa.

408 3783 414 3809 ¹
434 3799 483 3851 per
496 3787 662 3853 supraposito
676 3784 710 3837 ad
725 3785 782 3837 cod.

405 3865 416 3896 ²
434 3865 556 3918 adhibuit
570 3885 633 3918 corr.
648 3868 767 3922 adhibet.

405 3951 416 3978 ⁵
435 3949 548 4012 Audito,
566 3952 633 4017 urb,
650 3951 703 4006 adh
718 3953 834 4009 abscisa..
902 3991 904 3996 .

402 4029 415 4066 '⁴
434 4052 514 4104 supe,
529 4049 591 4088 cont
603 4035 708 4087 abscisa.
