3318 5292
382 494 442 556 302
740 493 905 554 lllCHERl
929 493 1002 557 lilB.
1028 495 1082 554 lv.

301 649 305 658 “
384 659 402 698 a
424 655 462 702 se
480 653 501 700 a
518 627 727 728 perditionis
744 627 876 702 scelere
892 644 1080 728 purgaret,
1100 627 1188 700 dum
1205 629 1344 702 monita
1361 628 1453 702 salu·

384 746 500 818 «bria
521 745 738 837 contemnit,
764 745 907 818 habitus
935 760 987 818 est
1017 760 1200 844 tamquam
1231 746 1393 818 ethnicus
1418 762 1455 818 et

383 889 402 929 u
422 861 644 959 publicanus.
661 867 734 934 Nec
760 877 880 935 tamen
893 862 1028 934 idcirco
1051 862 1263 958 dijudicatus
1281 879 1322 936 ut
1339 863 1454 936 ethni·

383 1005 401 1044 a
423 978 571 1069 cus,·ob
592 980 829 1052 reverentiam
852 979 947 1052 sedis
970 979 1172 1080 apostolicae
1195 980 1454 1078 sacerdotiique

383 1123 401 1162 a
422 1096 513 1166 sacri
532 1094 734 1193 privilegia,
755 1095 819 1167 sed
836 1121 859 1167 a
876 1121 914 1167 se
935 1096 1014 1194 ipso
1040 1097 1078 1167 in
1102 1121 1140 1167 se
1163 1097 1282 1194 ipsum
1308 1096 1454 1168 damna-

383 1239 401 1279 a
421 1211 528 1282 tionis
555 1213 730 1284 sententia
757 1211 915 1311 prolata,
940 1212 1012 1284 hoc
1039 1213 1155 1285 solum
1180 1238 1263 1285 eum
1286 1214 1324 1285 in
1355 1216 1455 1285 omni

382 1355 400 1394 a
421 1327 493 1398 vita
511 1330 581 1422 Jsua
608 1325 768 1426 preclare
793 1328 904 1424 egisse
929 1327 1162 1423 dijudicatum
1187 1343 1259 1419 est;
1292 1329 1376 1426 quia
1398 1330 1453 1400 ni-

382 1472 400 1510 «
422 1443 572 1534 mirum,
596 1443 625 1514 si
647 1468 750 1534 eum,
772 1468 810 1516 se
828 1444 906 1544 ipso
926 1444 1138 1536 damnante,
1158 1446 1315 1546 episcopi
1338 1445 1453 1517 absol·

381 1588 400 1626 a
420 1575 565 1660 verent,
580 1585 726 1658 poenam
747 1559 888 1632 sceleris
907 1560 982 1658 ejus
999 1561 1233 1633 incurrerent.
1254 1565 1314 1649 Si,
1339 1563 1454 1660 inquit

381 1704 400 1743 u
421 1701 571 1772 magnus
583 1680 656 1746 Leo
674 1701 788 1774 papa,
809 1701 931 1756 omnes
951 1675 1150 1747 sacerdotes
1171 1693 1208 1746 et
1227 1676 1378 1748 mundar
1397 1705 1454 1748 as-

380 1818 398 1855 a
418 1795 553 1862 sentiat
566 1791 795 1880 damnandis,
817 1791 1004 1863 damnatio
1022 1797 1274 1865 consentientes
1291 1795 1448 1880 involvit,

382 1933 402 1974 a
417 1931 490 1978 aaa
506 1910 842 2004 praevaricationem
866 1934 1055 1980 consensus
1078 1903 1235 1980 absolata
1258 1913 1335 1980 Hoc
1358 1911 1453 1981 enim

382 2051 401 2090 u
421 2028 521 2094 Deus
548 2026 707 2096 omm'um
741 2023 925 2112 indicavit,
956 2027 1020 2122 qui
1040 2041 1249 2120 peccantem
1284 2023 1453 2098 muadmn

382 2166 401 2205 a
418 2139 579 2238 generali
591 2139 721 2210 diluvio
740 2143 928 2211 interemit.
946 2144 991 2211 Et
1013 2165 1109 2239 papa
1129 2140 1288 2212 Gelasius
1307 2169 1316 2210 ε
1337 2146 1454 2213 Error

381 2283 400 2322 a
420 2258 484 2352 qui
498 2255 610 2326 scatel
619 2272 834 2328 estcumsuo
847 2271 989 2328 uacare
1004 2255 1205 2343 damnatam,
1223 2259 1261 2326 ia
1274 2259 1453 2354 participe

380 2399 398 2439 u
420 2371 574 2469 qualibet
592 2397 720 2469 pravae
753 2374 1009 2444 communicarit·
1042 2370 1168 2468 effircto
1195 2376 1453 2447 execrationem

381 2516 401 2557 u
419 2491 478 2559 sui
488 2505 607 2587 gestat
618 2505 654 2560 et
661 2514 822 2586 poenam.
839 2488 992 2560 Excluso
1012 2489 1132 2586 itaque
1156 2489 1217 2560 illo
1245 2514 1267 2562 a
1288 2493 1453 2562 Remensi

380 2636 399 2675 u
421 2607 586 2694 ecclesia,
603 2607 692 2682 mihi
705 2607 910 2697 reluctanti,
928 2604 1155 2703 multumque
1174 2631 1217 2678 ea
1235 2631 1313 2705 quae
1328 2631 1453 2706 passus

380 2739 563 2795 «sumet
590 2723 710 2795 adhuc
735 2725 853 2822 patior
878 2723 1105 2812 formidanti,
1125 2747 1147 2798 a
1172 2722 1337 2794 fratribus
1363 2725 1461 2796 meis-

379 2869 398 2909 «
419 2840 614 2911 Galliarum
631 2842 807 2939 episcopis
821 2840 893 2910 hoc
905 2840 1025 2932 honus
1045 2839 1234 2912 sacerdotii
1253 2839 1322 2911 sub
1341 2839 1450 2912 divini

381 2987 399 3026 a
420 2958 576 3028 nominis
590 2956 828 3060 obtestatione
845 2957 1053 3055 impositum
1066 2971 1131 3028 est.
1149 2955 1257 3044 Quod
1278 2958 1307 3027 si
1326 2957 1450 3028 fortea

379 3075 526 3144 «sacris
551 3071 687 3170 legibus
711 3075 899 3174 quippiam
925 3073 1105 3145 deviatum
1129 3088 1200 3163 est,
1221 3097 1295 3144 non
1318 3071 1357 3144 id
1378 3098 1449 3144 ma·

379 3188 518 3279 «licia,
543 3188 606 3260 sed
628 3190 798 3287 temporis
823 3189 1027 3289 importavit
1054 3190 1255 3261 necessitas.
1286 3189 1447 3287 Alioquin

379 3335 397 3374 a
419 3320 581 3405 tempore
593 3306 715 3378 hostili
728 3330 837 3378 omne
848 3307 925 3401 jus,
948 3331 1127 3403 omneque
1149 3306 1286 3378 licitum
1305 3331 1444 3396 cavere,

379 3453 398 3492 a
419 3423 507 3521 quid
534 3439 586 3495 est
611 3421 708 3495 aliud
734 3447 844 3520 quarn
874 3423 1026 3521 patriam
1060 3422 1230 3523 perdere,
1261 3440 1296 3496 ct
1323 3449 1447 3496 necem

380 3570 398 3610 a
420 3535 575 3612 iirlerre?
595 3540 706 3612 Silent
719 3539 887 3638 equidem
901 3540 996 3638 leges
1016 3525 1109 3612 inter
1127 3564 1226 3614 arma
1244 3539 1374 3639 quibus
1393 3539 1447 3612 ille

380 3687 398 3726 u
419 3657 534 3729 feralis
562 3656 675 3730 bestia
699 3660 743 3728 Ο.
764 3657 773 3694 ⁴
798 3658 846 3729 ita
868 3656 882 3693 ²
905 3657 1037 3729 abusus
1061 3672 1134 3748 est,
1163 3674 1203 3730 nt
1232 3659 1447 3730 reverendis·

380 3804 399 3843 a
420 3775 529 3846 simos
548 3771 749 3846 sacerdotes
769 3774 852 3864 Dei,
870 3774 972 3871 quasi
989 3772 1071 3844 vilia
1088 3775 1267 3875 mancipia
1286 3789 1443 3874 caperet,

380 3922 398 3961 a
420 3917 487 3964 uec
507 3891 554 3963 ab
570 3891 655 3989 ipsis
677 3893 910 3964 sacrosanctis
925 3891 1093 3964 altaribus
1106 3907 1338 3990 temperaret,
1356 3917 1446 3966 com

380 4039 399 4077 a
420 4024 556 4081 meatus
573 4006 737 4107 publicos
754 4009 1017 4081 intercluderet.
1037 4039 1055 4076 a

413 4179 420 4208 ⁸
441 4179 504 4231 Ono
516 4179 557 4230 ed.

410 4263 422 4291 '²
441 4261 476 4312 itu
489 4263 541 4314 hoc
553 4275 669 4332 tempore
681 4281 696 4314 a
708 4261 748 4311 ed.
