3308 5286
372 487 409 547 ra
541 554 543 562 ,
573 455 575 460 ’
721 487 883 552 alenam
907 490 979 550 nu
1006 491 1064 550 m.

368 618 534 690 lianensis
562 632 597 688 et
622 619 831 710 Parisiacus,
859 619 1050 692 Silleteusis
1074 645 1234 719 quoque;
1263 639 1368 722 atque
1394 627 1431 696 hi

367 734 509 832 publice
540 734 800 808 consultabant.
839 737 1082 810 Renitentihus
1108 753 1227 812 autem
1260 744 1443 828 Roricone

367 852 594 924 Laudunensi
626 866 661 923 et
684 850 877 923 Gubuino'
916 852 1143 928 catalaunico
1172 857 1364 958 episcopis,
1398 875 1434 930 et

239 1007 242 1014 ν
365 973 674 1044 vehementissime
699 974 935 1048 asserentibus
956 976 1096 1074 quoda
1117 978 1345 1052 multitudiue
1363 982 1434 1078 epi·

366 1115 557 1188 scoporum
584 1091 911 1163 excommunicatus
928 1117 950 1164 a
969 1095 1108 1166 minore
1128 1119 1255 1171 eorum
1283 1121 1433 1170 nurnero

365 1193 501 1278 absolvi
518 1231 593 1279 nou
609 1221 758 1306 posset,
774 1208 985 1306 relinquitur
1000 1211 1091 1282 ratio
1106 1211 1302 1286 differenda
1319 1239 1434 1312 usque

372 1322 418 1396 ad
438 1323 751 1422 interrogationem
769 1349 870 1424 papae
888 1328 1050 1398 Romani.

850 1517 940 1568 XVII.

409 1650 481 1718 Nec
509 1644 623 1716 multo
653 1661 755 1742 post,
794 1660 829 1716 et
855 1642 983 1742 legatio
1009 1644 1171 1740 dirigitur
1194 1644 1231 1716 in
1259 1645 1389 1718 Gallias
1413 1672 1434 1716 a

359 1760 496 1832 domno
528 1757 691 1831 Johanne
720 1783 838 1856 papa,
875 1759 939 1856 qui
967 1759 1043 1854 jam
1074 1757 1290 1831 succedebat
1320 1757 1434 1830 Octo-

359 1877 465 1947 viano
484 1874 515 1964 ²,
542 1873 669 1946 domni
695 1873 832 1970 Agapiti
865 1874 1082 1964 suocessori;
1111 1898 1271 1946 asserens
1301 1875 1434 1974 praedi-

329 2069 337 2082 ,
359 2007 457 2063 ctum
468 1996 675 2086 Hugouem,
690 1988 894 2060 abdicatum
907 2005 981 2060 tam
994 1990 1123 2080 sinodo
1143 1994 1304 2060 Romana
1323 2017 1431 2087 quam

361 2108 475 2205 Papiae
499 2106 703 2203 nuperrime
725 2102 867 2194 habita,
895 2103 942 2176 ab
963 2106 1138 2202 episcopis
1158 2105 1263 2178 ltaliae
1287 2108 1431 2179 anathe-

358 2223 579 2310 matizatum,
600 2220 667 2291 nisi
682 2217 727 2289 ab
745 2219 788 2290 iis
806 2245 884 2316 quae
897 2219 1016 2292 illicite
1027 2219 1210 2318 repetebat
1222 2222 1427 2317 quiesceret.

358 2342 438 2424 Qua
462 2336 638 2433 legatione
664 2332 833 2406 omnibus
861 2335 1040 2424 intunata,
1071 2336 1311 2431 quaerimoniae
1339 2338 1430 2408 ratio

357 2453 665 2553 pessumdataest.
689 2455 792 2548 Ilugo
808 2452 927 2548 itaque
944 2476 965 2522 a
983 2451 1089 2524 frene
1108 2478 1173 2524 suo
1193 2451 1362 2524 Rotberto
1380 2477 1432 2524 re·

357 2587 501 2671 ceptus,
531 2568 641 2640 uirnia
658 2567 832 2640 anxietate
855 2569 948 2640 intra
970 2568 1046 2641 dies
1068 2571 1300 2668 paucissimos
1323 2569 1430 2642 Meldi

358 2695 545 2767 defunctus
566 2707 630 2764 est.

844 2903 949 2954 XVIII.

404 3039 523 3104 Rruno
556 3034 675 3128 itaque
705 3029 1006 3128 metropolitanus
1033 3042 1069 3099 et
1096 3028 1187 3118 dux,
1220 3028 1364 3101 cuidam
1388 3055 1428 3100 ex

355 3150 504 3247 collegio
536 3150 794 3225 canonicorum
824 3147 1050 3220 Mettensium
1087 3146 1234 3218 nornine
1263 3146 1430 3220 Odelrico

355 3266 451 3366 apud
477 3290 599 3362 regem
626 3264 856 3363 praesulatum
880 3263 1072 3361 qnaercbat.
1103 3263 1212 3350 Quod
1236 3288 1320 3336 cum
1342 3264 1431 3336 obti-
1505 3279 1507 3284 ’

356 3384 512 3474 unisset,
544 3406 668 3454 coram
700 3380 822 3452 adesse
852 3379 947 3453 facit.
989 3379 1062 3466 Qui
1086 3380 1141 3449 vir
1169 3379 1427 3468 memorabilis,

355 3524 438 3570 cum
454 3513 545 3572 esset
567 3497 697 3572 divitiis
718 3511 753 3567 et
774 3494 959 3567 nobilitate
992 3494 1261 3591 litterarumque
1285 3497 1431 3567 scientia

354 3616 446 3688 adeo
466 3615 599 3706 clarus,
627 3639 673 3686 an
689 3638 773 3710 ‘rege
791 3612 961 3709 largiente
987 3612 1232 3710 episcopatmn
1255 3613 1430 3709 suscipere

355 3734 484 3806 audeat
505 3733 714 3804 sciscitatur.
752 3731 894 3800 Etenim
920 3743 1007 3799 tuuc
1034 3727 1264 3826 expetebatur
1294 3755 1315 3799 a
1342 3743 1430 3824 quo'-

353 3847 437 3918 dam
460 3847 603 3938 illustri,
637 3848 695 3917 cui
720 3845 854 3916 educe
880 3844 1049 3915 auxilium
1077 3843 1266 3916 serebatur.
1302 3844 1428 3916 atille

354 3979 477 4062 utpote
499 3967 553 4035 vir
576 3963 844 4062 magnanimus,
881 3961 910 4031 si
931 3980 996 4031 rex
1017 3959 1206 4057 largiatur,
1241 3984 1315 4032 sese
1340 3984 1430 4030 cou-

392 4175 399 4206 ¹
419 4176 466 4226 sle.
535 4193 539 4200 ’

389 4259 400 4289 ¹
418 4259 454 4307 εἰς
