3314 5294
347 553 406 614 102
702 551 871 612 RlCHERI
893 548 968 614 ΜΒ.
994 550 1052 610 Ill.

347 713 364 756 ι(
386 687 474 758 alter
491 685 597 757 nobis
621 685 803 776 addictus,
830 686 931 758 alteri
954 687 1048 756 vires
1072 710 1147 756 non
1173 684 1329 784 praebeat
1351 683 1424 756 ani-

346 835 363 872 «
385 828 559 901 mumque
573 803 759 875 ministret.
777 807 854 875 Hoc
869 827 1016 902 quoque
1031 801 1108 874 lieri
1122 802 1291 902 possibile
1303 817 1375 894 est,
1393 803 1422 873 si

347 951 364 988 α
387 925 508 992 Romae
521 945 620 991 nunc
633 921 790 1019 positum
809 924 980 992 Ottonem
993 920 1115 1018 legatis
1135 921 1323 1019 praemissis
1337 945 1421 992 cau·

346 1068 363 1106 «
386 1053 443 1110 tus
468 1052 504 1109 et
520 1039 799 1138 circumspectus
820 1037 959 1109 adieris.
982 1043 1061 1109 Non
1082 1038 1179 1109 enim
1191 1038 1241 1108 sic
1255 1039 1355 1138 parvi
1370 1052 1423 1108 est

347 1185 364 1224 a
386 1157 519 1253 ingenii
532 1159 632 1246 Otto,
649 1171 688 1227 ut
701 1171 736 1227 te
747 1157 927 1255 potiorem
940 1155 1109 1228 Lothario
1123 1155 1231 1226 armis
1244 1170 1280 1226 et
1293 1154 1424 1254 opibus

346 1301 364 1340 ι(
386 1273 548 1370 ignoret,
565 1298 649 1344 cum
661 1297 745 1373 sepe
759 1287 794 1355 et
807 1272 845 1342 id
858 1272 1010 1344 audierit
1033 1287 1069 1342 et
1081 1297 1146 1371 per
1160 1296 1236 1343 sese
1257 1288 1423 1370 expertus

346 1419 364 1457 r<
387 1391 442 1462 sit.
465 1390 570 1461 Unde
584 1405 620 1460 et
632 1390 766 1462 facilius
780 1387 856 1486 ejus
874 1391 1073 1462 amiciciam
1092 1389 1317 1487 adipisceris3
1340 1416 1424 1487 pro·

347 1536 364 1574 u
386 1506 479 1578 derit
493 1508 599 1578 etiam
616 1508 795 1604 sanguinis
817 1509 925 1578 vestri
939 1508 1208 1607 propinquitas,
1226 1534 1310 1579 cum
1323 1534 1423 1605 aeque

347 1653 363 1692 ι(
386 1640 426 1697 ut
438 1623 628 1696 Lotharius
641 1625 674 1696 ei
685 1625 722 1696 in
735 1625 807 1696 hoc
820 1625 1059 1721 conjungaris.
1081 1652 1098 1689 »

806 1814 960 1866 LXXXIV.

392 1961 675 2047 Quaesententia
691 1961 830 2058 prolata
849 1958 1052 2030 favoraliter
1075 1959 1082 1993 ¹
1115 1957 1199 2028 duci
1217 1957 1339 2029 habita
1357 1975 1422 2031 est.

343 2075 482 2174 Legatis
503 2078 608 2174 igitur
632 2077 774 2149 directis
792 2077 866 2148 dux
886 2076 1048 2147 animum
1069 2075 1276 2170 hujusmodi
1300 2077 1425 2147 Ottoni

344 2196 458 2264 Rome
468 2193 650 2264 iudicavit.
664 2197 750 2264 Otto
762 2194 852 2264 mira
861 2191 1104 2264 benivolentia
1116 2190 1252 2287 legatos
1266 2193 1422 2289 excepit3

344 2308 390 2381 de
409 2310 570 2381 amicicia
587 2335 733 2408 quoque
757 2312 851 2380 inter
881 2308 961 2380 illos
983 2307 1167 2395 habenda,
1191 2332 1230 2378 se
1250 2311 1425 2406 paratissi-

344 2451 446 2499 mum
463 2453 538 2499 non
557 2429 710 2525 negavit.
733 2427 841 2515 Quod
855 2428 884 2498 si
902 2428 977 2524 ipse
991 2426 1063 2496 dux
1083 2425 1128 2496 ad
1149 2451 1187 2496 se
1201 2427 1359 2516 veniret,
1387 2441 1427 2497 ut

345 2543 497 2642 amplius
518 2561 669 2640 uterque
690 2545 856 2615 amiciciae
875 2544 950 2614 vim
962 2543 1211 2640 experiretur,
1235 2566 1320 2613 eum
1341 2567 1426 2613 cum

345 2663 416 2732 suis
446 2687 483 2733 se
508 2661 677 2734 decenter
702 2676 840 2732 etcum
864 2660 1006 2731 honore
1029 2672 1276 2756 excepturum.
1307 2659 1426 2757 Legati

342 2779 496 2867 reversi,
513 2777 597 2848 duci
610 2776 779 2847 mandata
792 2775 1003 2847 retulerunt.
1028 2779 1110 2845 Dux
1130 2773 1235 2871 igitur
1249 2774 1426 2873 quosdam

345 2919 482 2991 magnae
494 2893 692 2993 prudentiae
705 2909 741 2965 et
753 2895 888 2965 astutiae
902 2917 1107 2981 assumens,
1124 2891 1311 2962 Amulium
1328 2892 1427 2963 vide·

345 3011 427 3082 licet
454 3010 760 3083 aurelianensium
785 3011 1014 3110 episcopum,
1048 3025 1155 3109 atque
1178 3009 1426 3082 Burchardum

345 3153 488 3201 necnon
511 3127 588 3199 ²....
616 3129 774 3225 reliquos
798 3153 945 3225 quoque
976 3126 1175 3199 admodum
1208 3130 1426 3200 necessarios

344 3247 454 3337 viros,
472 3250 623 3318 Romam
636 3245 875 3344 progreditur.
894 3249 1042 3317 Sanctos
1056 3245 1238 3343 apostolos
1255 3246 1424 3337 honorat,

348 3377 455 3460 atque
473 3364 523 3434 sic
542 3387 663 3461 regem
680 3363 784 3460 petit.

573 3577 711 3629 LXXXV.
724 3605 760 3616 -
771 3577 876 3628 Ottonis
889 3596 949 3629 cum
961 3577 977 3610 *
991 3579 1104 3648 Hugone
1115 3579 1203 3631 sessio.

398 3709 484 3780 Otto
498 3705 647 3803 gloriam
666 3708 733 3780 sibi
749 3732 876 3806 parare
895 3709 1061 3807 cupiens,
1086 3734 1129 3780 ex
1149 3709 1323 3781 industria
1342 3711 1424 3806 egit,

349 3840 390 3896 ut
397 3823 566 3896 omnibus
580 3849 601 3896 a
615 3825 782 3897 cubiculo
796 3826 894 3922 regio
910 3827 1066 3918 emissis,
1082 3828 1158 3924 ejus
1173 3827 1310 3925 gladius
1324 3852 1431 3924 super

350 3941 473 4014 sellam
494 3941 674 4041 plectilem
701 3943 962 4043 deponeretur,
988 3945 1061 4017 dux
1090 3947 1198 4019 etiam
1221 3947 1318 4019 solus
1346 3971 1430 4018 cum

383 4167 400 4199 ³*
417 4165 439 4216 is
450 4183 527 4229 cum,
541 4167 607 4218 essio
620 4167 724 4218 abscisa.

383 4249 391 4280 ¹
412 4253 447 4302 itu
460 4249 546 4302 codex.

383 4333 394 4364 ¹
411 4334 478 4385 locus
492 4348 567 4386 uacat
584 4337 610 4385 in
622 4334 678 4387 cod.
