3320 5296
348 532 409 594 204
702 531 867 596 ltchffltl
888 531 962 596 ΗΒ.
988 533 1042 596 IV.

348 705 608 772 XLV-Amulius
619 701 776 792 adregem*
785 708 964 778 secoutulit*,
973 705 1085 779 gratiam
1093 705 1151 759 ab*
1163 704 1219 762 co*
1231 707 1419 782 artaceptruurl'⁸

398 851 563 925 Amulius
581 853 755 934 admissus
775 856 873 952 regi,
893 854 1000 927 abeo
1023 852 1186 927 osculum
1204 853 1359 950 accepit,
1383 868 1419 925 et

347 993 431 1041 cum
443 968 490 1040 de
502 969 648 1066 objectis
661 971 817 1068 aliquam
829 971 1030 1071 purgationi
1039 992 1188 1068 operam
1197 968 1284 1040 dare
1298 969 1416 1060 uellet,

350 1109 412 1156 rex
437 1084 504 1155 sihi
517 1081 690 1158 'sufficere
709 1086 816 1176 dixit,
838 1103 913 1158 uta
939 1086 1121 1184 preteritis
1149 1085 1363 1182 quiesceret,
1383 1099 1439 1162 et.

350 1199 477 1272 exinde
507 1201 574 1276 sihi
591 1201 700 1274 fidem
716 1203 961 1275 inviolabiliter
985 1217 1159 1294 servaret;
1180 1227 1254 1273 sese
1270 1202 1421 1299 ,penitus

349 1329 425 1387 uon
450 1318 612 1413 ignorare
630 1318 800 1389 Karolum
825 1320 857 1392 ei
874 1317 948 1390 vim
964 1318 1143 1408 intulisse,
1169 1333 1205 1390 et
1225 1341 1365 1388 summa
1382 1317 1420 1388 id

347 1432 606 1504 necessitudine
632 1431 781 1524 factum,
807 1448 846 1504 ut
864 1430 910 1504 ad
928 1441 1069 1529 tempus
1096 1431 1171 1503 a'se
1197 1431 1417 1522 discederet,

348 1561 384 1620 et
404 1548 534 1619 Karolo
555 1549 671 1620 etiam‘
691 1548 817 1620 uolens
842 1548 984 1620 faveret.
1015 1546 1086 1618 Sed
1108 1547 1191 1643 quia
1219 1547 1257 1618 id
1288 1548 1421 1618 factum

349 1678 443 1755 erat,
464 1661 564 1761 quod
584 1663 785 1736 labefactari
806 1688 880 1735 non
906 1678 1064 1762 poterat,
1093 1663 1205 1734 multa
1227 1663 1364 1734 ratione
1387 1665 1421 1735 ei

349 1804 425 1853 csse
455 1779 669 1870 videndum,
700 1795 740 1851 ut
771 1781 906 1852 amissae
938 1779 1037 1851 urhis
1067 1779 1265 1876 dampnum
1300 1778 1422 1876 aliquo

349 1894 460 1968 modo
483 1896 675 1996 suppleret.
691 1891 727 1968 si
743 1897 870 1969 urbem
888 1895 1074 1968 habereut
1090 1887 1173 1967 ante
1185 1919 1267 2008 ¹non
1285 1901 1418 1993 posset,

349 2010 472 2084 saltem
491 2011 662 2084 Karolum
682 2012 783 2084 adse
803 2013 950 2083 transire
973 2011 1123 2102 faceret,
1149 2025 1190 2081 ut
1211 2035 1249 2082 se
1269 2035 1420 2082 cousen-

349 2129 476 2219 tieutc,
507 2129 606 2226 quod
638 2143 839 2227 pervaserat
870 2141 1017 2199 teneret.
1057 2130 1139 2198 Haec
1175 2140 1211 2197 et
1248 2124 1422 2226 ampliora

349 2244 515 2321 ernulfus
541 2271 617 2318 sese
632 2245 820 2317 ‘facturum
851 2244 1057 2344 pollicetur,
1092 2257 1231 2315 tantum
1256 2257 1296 2314 ut
1331 2244 1423 2340 regis

350 2364 459 2460 gratia
475 2363 543 2435 sibi
561 2362 743 2455 reddatur,
764 2377 800 2435 et
826 2364 900 2461 ipse
918 2361 1014 2461 apud
1042 2385 1125 2432 eum
1149 2375 1190 2432 ut
1213 2359 1420 2459 metropoli·

350 2491 454 2551 tanus
471 2477 681 2552 honoretur.
698 2482 771 2550 Rex
785 2479 931 2576 gratiam
945 2475 1117 2566 indulsit,
1125 2489 1160 2547 et
1174 2490 1215 2549 ut
1226 2475 1422 2574 plurimum

350 2617 472 2666 coram
489 2620 526 2668 sc
544 2594 722 2667 honorem
741 2594 889 2667 haberet
910 2594 1094 2665 concessit.
1115 2590 1219 2664 Unde
1236 2607 1274 2664 et
1289 2590 1421 2664 factum

261 2763 266 2772 .
350 2715 422 2800 est,
455 2711 554 2782 utin
578 2710 730 2808 prandio
748 2710 806 2781 die
833 2707 957 2781 eadem
982 2709 1057 2805 regi
1081 2707 1217 2799 dexter,
1244 2707 1420 2778 Adalbero

350 2824 480 2920 reginae
492 2823 591 2898 levus
600 2821 781 2900 resideret.
796 2825 858 2896 His
876 2826 925 2897 ita
936 2849 1012 2898 sese
1023 2823 1237 2898 habentibus
1258 2824 1421 2898 hmulfus

351 2943 397 3016 ab
409 2969 491 3040 rege
505 2943 661 3017 dimotus
673 2960 734 3017 est.
755 2947 880 3018 Micam
893 2946 983 3042 regis
998 2944 1276 3018 benivolentiam
1289 2944 1420 3016 Karolo

349 3060 530 3132 iudicavit.
552 3066 696 3149 Quanto
722 3085 866 3160 quoque
888 3063 1031 3152 honore
1057 3061 1154 3160 apud
1183 3086 1266 3132 eum
1279 3061 1421 3134 habitus

350 3177 395 3248 sit
412 3177 606 3277 explicans,
631 3177 677 3250 de
695 3179 776 3275 ejus¹
794 3179 908 3276 gratia
928 3175 1123 3276 plurimum
1142 3175 1371 3274 gloriabatur.
1394 3182 1421 3248 Α

351 3318 425 3390 quo
455 3308 616 3392 tempore
638 3295 729 3391 regis
755 3309 791 3366 et
817 3294 937 3366 Karoli
962 3283 1287 3366 reconciliationem
1315 3286 1423 3391 a'tque

306 3447 308 3450 ·
351 3409 510 3489 levorem
526 3410 715 3509 quaerebat.

461 3563 464 3572 Δ
529 3609 627 3662 XLVI.
636 3637 674 3651 -·
684 3606 812 3679 Exceptio
820 3607 853 3645 *l*
868 3607 1044 3665 Adalberonis
1055 3623 1072 3660 a
1082 3603 1235 3660 Kar-olo*

401 3760 488 3843 Quae
498 3753 587 3826 dum
596 3756 646 3825 sic
657 3779 732 3826 sese
743 3752 928 3841 haberent,
939 3751 1141 3825 Adalberoa
1153 3776 1234 3848 rege
1249 3749 1422 3847 digressus

353 3887 426 3963 est,
449 3870 690 3968 Karolumque
717 3884 862 3968 petens,
896 3868 1057 3952 Lauduni
1089 3868 1200 3941 multa
1229 3867 1422 3950 ambitione

354 4007 520 4089 exceptus
542 4005 605 4064 est.
634 3988 685 4062 Ad
705 4015 742 4062 se
766 3990 820 4062 sui
849 3989 1016 4082 redeunt,
1049 3991 1111 4086 qui
1141 4004 1223 4062 ante
1253 3988 1311 4060 ah'
1332 3986 1424 4062 urbe

390 4167 405 4200 *
423 4167 537 4238 Regem,
554 4166 590 4232 it,
602 4167 635 4231 b,
651 4183 699 4230 co,
719 4177 792 4218 turus
805 4162 908 4216 abaciam

389 4249 420 4293 ἵ*
437 4250 512 4328 ptio,
527 4249 628 4308 Karolo
640 4248 744 4302 abscisa.
