3314 5294
336 502 378 564 94
694 502 862 565 mensur
884 505 960 566 LIB.
984 505 1047 571 Ill-¹

336 659 383 706 ne
404 633 479 706 dux
490 633 732 732 praesentiret,
752 650 788 708 et
806 660 853 708 ne
872 637 948 734 ipse
969 659 1115 734 quoque
1128 632 1235 706 vellet
1253 635 1414 705 reconci-

335 752 424 824 liari.
441 749 582 823 Talibus
600 752 638 822 in
660 751 736 823 dies
753 751 986 845 afficiebatur,
1002 768 1039 826 et
1061 751 1189 824 exinde
1202 751 1259 822 bis
1272 749 1415 823 duobus

336 869 469 941 ducem
496 883 701 967 suspectum
731 867 870 940 babuit.
902 874 933 942 Α
956 867 1241 942 consultantibus
1268 867 1415 940 tandem

337 986 547 1059 decretum⁴
573 998 627 1056 est
652 987 825 1059 Ottonem
850 987 889 1056 in
910 988 1109 1060 amiciciam
1129 987 1220 1083 regis
1243 1010 1415 1057 revocan-

337 1104 446 1194 dum,
463 1127 507 1175 eo
521 1102 622 1200 quod
639 1103 716 1200 ipse
735 1104 789 1174 vir
805 1104 944 1176 virtutis
958 1121 1068 1195 esset,
1089 1119 1126 1176 et
1142 1101 1321 1203 perillum
1338 1128 1413 1174 non

334 1220 453 1292 solum
473 1220 547 1291 dux
566 1221 768 1291 mansuesci
785 1237 925 1319 posset,
946 1221 1010 1294 sed
1032 1237 1067 1293 et
1089 1221 1238 1292 aliarum
1255 1221 1414 1317 gentium

334 1337 467 1409 tiranni
489 1335 670 1432 subjugari
688 1335 819 1407 utiliter
836 1336 1006 1410 valerent.
1034 1337 1154 1436 legati
1174 1337 1281 1434 igitur
1302 1361 1324 1407 a
1348 1341 1415 1408 Lo-

334 1453 452 1526 thario
469 1451 615 1544 directi,
633 1451 679 1523 ab
694 1455 829 1524 Ottone
842 1453 1086 1526 liberalissime
1100 1455 1273 1553 suscepti,
1290 1444 1337 1524 de
1349 1452 1431 1524 ha·.

332 1570 453 1644 benda
465 1571 651 1668 utriusque
665 1571 839 1660 amicicia,
855 1570 948 1642 duce
961 1572 1162 1668 ignorante,
1179 1570 1382 1642 elaborant:

531 1763 659 1818 LXXIX.
670 1794 707 1806 -
718 1765 811 1818 Oratio
820 1766 836 1798 ³*
849 1766 987 1819 Gallorum
999 1765 1060 1819 ad*
1071 1738 1208 1819 Ortonam.

384 1937 402 1974 u
419 1911 611 1997 Hactenus,
628 1936 646 1973 u
661 1907 841 2004 inquiunt,
869 1888 889 1973 u*
905 1905 1110 1996 discordiae,
1126 1905 1285 1995 invidiae,
1308 1904 1413 1976 oaedis

336 2051 354 2090 u
376 2038 553 2095 amatores
574 2023 791 2114 floruerunt,
821 2046 905 2093 cum
932 2023 1024 2093 inter
1050 2020 1291 2094 nobilissimos
1312 2045 1413 2117 reges

334 2170 353 2209 «
374 2155 514 2213 tantum
536 2141 658 2213 locum
679 2139 902 2230 habuerunt,
933 2139 1064 2238 quibus
1092 2163 1160 2239 pro
1179 2139 1315 2210 deliciis
1338 2153 1413 2210 erat

334 2257 574 2346 «discordia,
597 2258 682 2356 quia
702 2257 800 2357 apud
817 2282 917 2354 reges
936 2255 1119 2328 discordes
1146 2282 1184 2329 se
1210 2255 1323 2328 multa
1347 2255 1412 2326 ad·

334 2402 352 2441 u
374 2375 516 2472 quirere
532 2398 639 2472 posse
658 2373 932 2445 arbitrabantur.
950 2373 1143 2444 Enimvero
1157 2372 1203 2445 de
1225 2374 1411 2444 communi

333 2515 352 2556 u
371 2488 452 2560 labe
465 2488 683 2586 cogitabant,
699 2504 740 2561 ut
757 2489 903 2585 majoris
932 2488 1051 2586 gloriae
1068 2505 1104 2561 et
1117 2489 1267 2560 honoris
1289 2489 1410 2561 locum

333 2604 471 2702 «apud
503 2603 736 2676 conturbatos
757 2604 993 2676 vindicarent.
1015 2603 1086 2677 Sed
1110 2602 1272 2701 proderit
1295 2603 1409 2702 pluri-

333 2755 350 2788 u
372 2746 475 2792 mum
486 2723 537 2792 rei
546 2721 711 2820 publicae,
728 2723 758 2792 si
766 2720 966 2819 malignitas
976 2746 1172 2821 pravorum
1180 2722 1257 2817 jam
1268 2721 1408 2793 dudum

328 2866 346 2908 n
368 2839 601 2937 reprimatur,
621 2851 657 2909 et
673 2838 786 2908 virtus
797 2837 983 2910 bonorum
993 2837 1075 2934 luce
1084 2838 1210 2936 purius
1222 2839 1403 2911 enitescat.

330 2984 349 3023 «
371 2954 505 3027 Redeat
523 2979 608 3052 ergo
625 2955 736 3024 virtus
755 2969 790 3024 et
807 2954 935 3027 floreat
950 2955 1044 3026 inter
1060 2954 1331 3052 gloriosissimos
1352 2983 1408 3028 re-

329 3102 347 3139 «
369 3097 442 3169 ges,
465 3086 505 3143 ut
523 3085 559 3142 et
575 3085 693 3141 vestra
706 3071 836 3142 virtute
850 3085 1035 3143 tantorum
1048 3072 1227 3143 malorum
1243 3088 1406 3146 auctores

327 3188 499 3260 «abinde
526 3187 800 3285 conquiescant,
828 3202 864 3280 et
883 3212 939 3258 res
963 3187 1107 3286 publica
1132 3202 1249 3260 vestra
1274 3191 1405 3262 virtute

325 3338 343 3375 u
364 3308 484 3407 potius
503 3305 740 3403 gubernetur,
762 3328 871 3401 quam
895 3303 1112 3402 cupidorum
1124 3305 1259 3377 invidia
1272 3305 1404 3379 dilaba-

324 3439 432 3506 «tur.
467 3423 632 3496 Securius
650 3421 747 3493 enim
765 3419 873 3491 amb‘o
892 3420 1103 3518 regnabitis,
1124 3446 1208 3493 cum
1228 3423 1266 3494 in
1284 3424 1404 3495 amici·

323 3570 341 3610 u
354 3543 416 3613 'eia
430 3541 614 3636 conjuncti
627 3539 720 3611 duos
734 3540 908 3611 exercitus
918 3565 986 3639 pro
1000 3565 1075 3611 uno
1087 3539 1276 3612 habebitis.
1292 3540 1402 3629 Quod

323 3687 340 3726 u
353 3643 393 3730 'si
411 3683 454 3729 ex
465 3655 569 3728 vobis
582 3655 670 3728 alter
684 3657 721 3726 in
739 3655 882 3728 ultimas
903 3680 1053 3727 suorum
1066 3682 1260 3754 regnorum
1279 3673 1401 3756 gentes

321 3806 340 3843 «
361 3777 414 3847 ire
432 3773 660 3874 disposuerit,
681 3772 833 3845 alterurn
850 3773 922 3844 acsi
934 3771 1093 3864 fratrem,
1114 3772 1301 3872 fidumque
1320 3800 1401 3850 sua-

322 3921 341 3961 «
360 3918 442 3964 rum
455 3917 580 3964 rerum·
596 3905 754 3976 tutorem
771 3889 930 3963 habebit.
953 3889 1094 3964 Placeat
1117 3916 1202 3989 ergo
1219 3893 1398 3966 serenissi-

320 4011 429 4082 «mis
452 4009 595 4108 regibus
620 4032 690 4107 pax
714 4023 750 4079 et
773 4007 954 4100 amicicia,
974 4034 1072 4106 quos
1083 4009 1269 4106 conjunxit
1286 4012 1397 4084 etiam

349 4202 366 4236 *
384 4221 417 4268 o,
431 4200 449 4253 d
462 4201 566 4272 abscisa.

352 4289 361 4318 ¹
381 4286 553 4340 deliberatum
565 4286 607 4338 vel
620 4283 755 4336 decretum
766 4281 853 4334 codex.
