3324 5298
332 547 395 636 idq
566 539 569 544 ’
704 541 873 602 Rlcnenl
895 541 971 602 LlB.
995 542 1050 605 IV.

333 683 418 749 Post
434 701 521 749 vero
541 681 673 774 optata
687 673 768 748 luce
784 675 945 767 reddita,
968 676 1079 760 nimia
1097 677 1213 748 esurie
1235 678 1412 772 confecti,

332 795 505 866 maturius
516 793 706 866 alliserunt.
722 793 781 867 Eis
793 796 900 892 etiam
911 793 983 864 cibi
993 792 1099 884 illati3
1110 817 1256 867 annona
1270 821 1416 894 quoque

333 935 417 984 cum
434 911 565 1008 paleis,
586 910 689 1008 cquis
707 911 907 1008 anteposita
927 926 992 984 est.
1017 911 1277 1011 Dimittensque
1297 913 1418 987 abbati

334 1027 550 1126 Augustino⁴
574 1052 729 1128 puerum
740 1025 912 1125 peditem,
927 1021 1005 1098 solo
1020 1029 1216 1101 Carnotino
1227 1031 1417 1103 comitatus

334 1149 533 1218 Carnotum
556 1145 687 1244 raptim
706 1142 847 1215 deveni.
882 1142 987 1215 Unde
1004 1169 1090 1215 mox
1111 1146 1211 1242 equis
1236 1147 1414 1238 remissis,

335 1263 382 1336 ab
401 1261 491 1335 urbe
513 1260 686 1333 Meldensi
713 1275 868 1361 puerum
897 1264 1076 1335 revocavi.
1102 1267 1184 1351 Quo
1210 1265 1359 1337 reducto
1383 1280 1419 1338 et

336 1381 438 1452 omni
456 1377 694 1451 sollicitudine
715 1393 854 1470 amota,
872 1379 909 1450 in
935 1379 1150 1478 aphorismis
1166 1381 1180 1418 ²
1206 1384 1418 1481 Yppocratis

336 1496 523 1594 vigilanter
539 1495 661 1568 studui
671 1494 700 1586 ²,
717 1495 815 1594 apud
826 1495 1005 1567 domnum
1015 1495 1269 1569 Herbrandum
1282 1522 1419 1596 magnae

337 1613 555 1687 liberalitatis
569 1629 675 1711 atque
689 1613 843 1686 scientiae
853 1614 983 1686 virum.
995 1616 1035 1682 In
1048 1612 1272 1711 quibuscum
1280 1625 1423 1686 tantum

337 1729 567 1830 prognostica
585 1728 797 1801 morborum
819 1729 1053 1829 accepissem,
1069 1713 1111 1801 ¹et
1128 1729 1278 1828 simplex
1292 1732 1420 1829 egritu-

339 1847 467 1927 dinum
483 1846 642 1942 cognitio
662 1845 821 1944 cupienti
839 1869 915 1916 non
934 1844 1131 1936 sufficeret,
1146 1849 1233 1947 petii
1248 1839 1355 1920 etiam
1374 1847 1420 1920 ab

340 1989 384 2036 eo
402 1963 594 2035 lectionem
619 1962 695 2058 ejus
716 1961 816 2054 libri,
845 1963 908 2060 qui
930 1962 1134 2034 inscribitur
1161 1963 1206 2036 de
1227 1966 1421 2038 concordia

340 2079 565 2178 Yppocratis,
586 2078 750 2150 Galieni⁸
772 2092 808 2149 et
825 2080 964 2149 surani.
985 2080 1094 2167 Quod
1108 2097 1144 2154 et
1158 2082 1316 2175 obtinui;
1336 2109 1421 2157 cum

341 2221 426 2268 eum
450 2185 584 2266 inerte
608 2195 885 2295 peritissimum,
908 2195 1121 2291 dinamidia,
1150 2197 1417 2293 farmaceutica,

341 2291 524 2408 butanica,
539 2327 646 2412 atque
660 2312 832 2411 cirurgica
845 2337 921 2385 non
934 2312 1097 2386 laterent.

381 3345 427 3398 LI.
437 3345 563 3412 —Quod
579 3366 612 3402 ex
630 3350 760 3420 querela*
774 3350 1049 3423 reprehendentium*
1068 3353 1244 3425 captionem*
1261 3350 1385 3415 Amulli,

596 3439 697 3511 regio*
708 3437 805 3512 juss'ul‘
816 3440 925 3504 sinodus
935 3441 952 3477 *
962 3443 1078 3514 habita*
1094 3443 1165 3498 est*.

395 3597 466 3673 Sed
479 3618 519 3675 ut
532 3597 608 3710 jam
622 3583 813 3707 superioris
824 3609 957 3706 negotii
970 3610 1326 3709 seriemrepetamus,
1341 3631 1423 3678 cum

347 3718 393 3791 de
411 3721 571 3822 episcopi
584 3725 748 3823 captione
766 3713 1119 3825 aliqui'amicorum⁴
1139 3711 1421 3824 indignarentur,

381 3901 613 3976 *nermo-den,
626 3908 742 3976 tionem,
756 3911 816 3982 gio,
828 3912 886 3982 jus,
899 3897 945 3977 us,
957 3911 1012 3978 ha,
1024 3923 1045 3964 t.
1058 3931 1089 3962 ee
1105 3912 1209 3982 conjece.

275 4058 278 4064 Δ
383 4005 392 4036 ¹
411 3993 464 4078 ang
474 4028 497 4059 c.
513 4009 551 4057 uti
561 4018 588 4057 et
600 4009 627 4058 in
644 4010 784 4078 necrologio
800 4013 828 4060 S.
844 4011 950 4062 annie
967 4007 1102 4070 Meldemis
1120 4029 1244 4063 occurrere
1259 4007 1379 4072 oidemr,
1391 4027 1420 4059 v.

350 4089 458 4142 Galliam
473 4092 649 4143 Christianam.

383 4176 395 4208 ¹
412 4177 481 4248 mis‘,
494 4176 541 4228 dui
553 4177 657 4230 abscisa.

383 4263 394 4293 ³
413 4264 450 4312 ita
463 4262 519 4314 cod.

355 4341 357 4348 ’
384 4345 605 4400 *scolasticorum
617 4365 680 4399 corr.
694 4347 850 4400 amicorum.
