3320 5296
358 582 418 641 ‘ns
713 559 881 637 alenam
905 575 980 636 mn
1005 577 1060 635 ιν.

359 693 635 810 contemplarer,
653 709 757 780 novis
775 709 909 780 iterum·
919 708 1122 780 infortuniis
1135 707 1302 820 angebar.
1318 711 1437 782 Tantis

356 823 453 901 en'im
465 843 500 900 et
516 841 571 899 tot
582 824 737 897 hiatibus
756 826 921 925 patebat,
946 840 987 896 ut
1008 825 1068 897 vix
1090 826 1221 897 civium
1247 818 1437 898 necessarii

358 949 416 1021 die
435 948 563 1020 eadem
580 971 645 1046 per
659 943 743 1017 eum
763 945 978 1017 transierint.
996 945 1211 1017 Carnotinus
1232 923 1382 1044 inpiger,
1400 962 1436 1019 et

353 1050 391 1136 in
416 1061 621 1163 peragendo
650 1063 777 1133 itinere
804 1062 887 1136 satis
917 1060 1112 1160 providuS,
1139 1061 1341 1133 naviculam
1364 1063 1437 1134 eir-

355 1178 581 1280 cumquaque
605 1160 788 1277 inquirens
806 1194 842 1251 et
859 1169 1226 1264 nullam'inveniens,
1250 1178 1296 1250 ad
1316 1180 1436 1278 pontis

355 1296 514 1399 pericula
537 1285 664 1386 rediit,
687 1310 722 1368 et
736 1310 775 1366 ut
800 1296 883 1393 equi
900 1281 1099 1367 incolumes
1114 1296 1437 1367 transmitterentur
1522 1357 1534 1385 ,

358 1442 379 1488 e
397 1415 488 1504 coelo
508 1414 672 1488 emeruit.
695 1414 842 1498 Namvin
861 1411 949 1486 loeis
973 1411 1155 1484 hiantibus
1180 1436 1358 1509 equorum
1376 1438 1438 1512 pe·

357 1533 464 1604 dibus
482 1530 676 1629 aliquando
699 1529 855 1630 elipeum
876 1529 1059 1620 subdens,
1087 1527 1281 1625 aliquando
1300 1515 1438 1600 tabulas

358 1655 514 1751 abjectas
527 1653 744 1750 adjungens,
769 1652 881 1724 modo
895 1654 1122 1738 incurvatus,
1143 1649 1255 1722 modo
1275 1665 1436 1742 erectus,

360 1773 471 1846 modo
502 1772 695 1863 accedens,
737 1770 850 1843 modo
885 1759 1090 1862 recurrens,
1129 1767 1318 1843 efficaciter
1355 1793 1437 1840 cum

358 1893 458 1990 equis
495 1915 556 1963 me
589 1891 785 1964 comitante
818 1891 1033 1988 pertransiit.
1074 1894 1153 1960 Nox
1189 1887 1437 1979 inhorruerat,

357 2007 609 2106 mundumque
631 2023 723 2080 tetra
740 2007 888 2104 caligine
916 2005 1135 2096 obduxerat,
1156 2003 1439 2093 cumbasilicam

357 2117 477 2196 sancti
506 2124 680 2209 Pharonis
712 2124 851 2216 introii,
878 2123 1044 2195 fratribus
1082 2121 1202 2195 adhuc
1230 2121 1438 2220 parantibus

356 2255 485 2338 potum
514 2241 679 2313 caritatis.
710 2245 802 2328 'Qua
834 2239 893 2312 die
928 2239 1174 2338 sollempniter
1201 2255 1436 2338 pranserant,

357 2357 504 2429 recitato
545 2357 701 2455 capitulo
732 2355 742 2389 ¹
775 2356 820 2428 de
853 2356 1036 2428 cellarario
1079 2354 1303 2444 monasterii,
1339 2352 1439 2452 quod

357 2479 427 2550 fuit
441 2503 548 2551 eausa
566 2493 641 2550 tam
659 2461 750 2551 serm
761 2479 967 2577 potationis.
990 2482 1017 2549 A
1042 2477 1172 2576 quibus
1190 2491 1230 2547 ut
1248 2471 1355 2548 frater
1373 2500 1439 2547 ex-

357 2609 499 2693 ceptus,
516 2588 684 2666 dulcibus
711 2593 896 2692 alloquiis,
918 2595 1079 2692 cibisque
1107 2592 1363 2666 sufficientibus
1382 2616 1438 2663 re·

360 2725 501 2782 creatus
529 2717 621 2818 sum.
654 2712 891 2782 Carnotinum
909 2711 1066 2809 equitem
1096 2735 1180 2788 eum
1208 2711 1309 2808 equis
1332 2693 1440 2782 vitata

355 2828 477 2927 pontis
499 2815 667 2926 pericula'
684 2827 815 2924 iterum
833 2843 1148 2926 attemptaturum,
1169 2852 1285 2926 puero
1314 2826 1437 2900 relicto

356 2944 488 3014 remisi.
510 2947 592 3014 Arte
616 2943 798 3042 praemissa
819 2945 1040 3042 pertransiit3
1068 2946 1178 3016 etad
1205 2940 1359 3042 puerum
1384 2969 1438 3016 se·

357 3060 477 3132 cunda
494 3060 610 3132 noetis
624 3060 742 3158 vigilia
760 3061 983 3134 errabundus
1001 3063 1175 3160 pervenit.
1197 3045 1336 3160 Vixque
1355 3087 1439 3133 eum

358 3175 484 3275 saepius
502 3163 734 3247 inclamatum
762 3178 930 3276 repperit.
961 3180 1043 3264 Quo
1072 3191 1254 3274 assumpto
1281 3175 1438 3252 eumad

357 3291 486 3363 urbem
500 3291 720 3384 devenisset,
742 3309 926 3393 suspectus
944 3294 1065 3394 pontis
1077 3294 1250 3394 pericula,
1267 3289 1439 3393 quaeper·

356 3408 486 3494 uitiosa
504 3411 749 3509 experimento
773 3409 965 3500 didicerat,
987 3436 1071 3483 cum
1088 3436 1203 3511 puero
1222 3426 1257 3483 et
1283 3412 1383 3510 equis
1400 3411 1437 3488 in

357 3524 543 3619 eujusdam
561 3507 743 3624 tugurium
757 3526 964 3627 declinavit,
981 3529 1120 3628 ibique,
1136 3555 1202 3629 per
1214 3544 1328 3601 totam
1342 3529 1438 3622 diem

356 3640 516 3734 incibati,
537 3659 645 3718 nocte
662 3645 722 3718 illa
740 3643 786 3718 ad
801 3629 1059 3744 quiescendum
1076 3671 1152 3718 non
1167 3645 1214 3719 ad
1232 3646 1437 3718 cenandum

357 3759 606 3832 collectisunt.
628 3765 746 3849 Quam
764 3779 911 3837 noctem
928 3779 969 3836 ut
986 3765 1190 3837 insomnem
1205 3764 1382 3855 duxerim,
1403 3778 1437 3836 et

356 3891 492 3973 quanto
519 3879 557 3949 in
582 3902 624 3949 ea
641 3880 800 3952 cruciatu
821 3895 935 3954 tortus
956 3881 969 3919 ²
996 3883 1088 3974 sim,
1113 3882 1336 3982 perpendere
1355 3905 1438 3980 pos-

358 3987 460 4084 sunt,
475 3994 538 4091 qui
554 4019 640 4067 cura
652 4019 819 4068 carorum
831 3997 1024 4096 aliquando
1035 3991 1197 4099 vigilasse
1214 4000 1434 4075 coaetisunt.

395 4237 404 4266 ι
421 4225 483 4308 esp.
565 4257 569 4272 ,

390 4323 401 4358 ἵ
421 4337 531 4376 vexatus
543 4328 694 4396 superposito
710 4335 794 4378 tortus
807 4325 894 4378 codex.
