3320 5296
385 549 444 616 tta
735 547 901 610 ltlttttttttt
921 547 997 610 tut.
1021 547 1075 610 lv.

381 680 475 780 pisse
492 677 614 774 letati,
637 677 713 752 haec
733 678 884 767 domino
904 679 1071 754 referunt.
1097 680 1169 767 Qui
1187 677 1324 752 fallatiae
1344 681 1449 752 semi.

379 793 521 892 natium
547 794 678 888 utiliter
700 795 858 896 positum
879 793 1127 885 considerans,
1146 794 1285 867 alcioris
1314 795 1449 868 machi·

381 913 540 1000 namenti
567 911 670 1004 dolos
699 913 844 1013 prodire
866 937 970 1013 posse
1000 909 1162 985 advertit.
1197 909 1377 990 Posthac
1411 911 1448 986 in

380 1026 502 1126 locum
531 1043 701 1114 statutum
719 1029 786 1108 sibi
807 1041 1018 1118 occurrunt,
1046 1026 1265 1126 amplexibus
1288 1025 1451 1126 pluribus

381 1158 488 1242 atque
512 1145 641 1217 osculis
662 1144 729 1244 sibi
752 1145 1052 1242 congratulantem
1080 1129 1196 1226 tantos
1221 1143 1271 1215 ibi
1301 1141 1450 1216 demon-

381 1273 531 1332 strantes
559 1259 705 1334 affectus
735 1261 861 1352 animi,
896 1276 936 1346 ut
969 1259 1066 1345 nulla
1096 1259 1298 1351 simulatio,
1330 1258 1449 1332 nullus

382 1375 487 1474 dolus
505 1375 696 1468 videretur.

577 1572 665 1628 xm.
673 1571 913 1627 -Adalberonia*
925 1571 1017 1627 dolosa
1033 1571 1203 1627 machinatio.
1211 1571 1238 1624 ὓ.

431 1722 475 1790 At
491 1732 682 1819 postquam
703 1719 786 1792 satis
802 1718 1121 1818 amplexationum,
1145 1717 1350 1790 osculorum
1368 1717 1451 1790 satis

384 1833 517 1931 iactum
541 1849 611 1927 est,
632 1833 809 1933 adalbero
832 1849 943 1934 penes
971 1859 1078 1932 quem
1100 1833 1332 1907 simulationis
1351 1832 1453 1905 color

383 1965 420 2040 et
446 1950 523 2025 doli
551 1975 646 2038 onus
671 1965 768 2041 erat,
801 1951 984 2043 incautum
1019 1950 1069 2022 sic
1098 1950 1198 2049 prior
1231 1947 1448 2046 alloquitur:

386 2065 527 2149 aldem
551 2091 671 2159 casus,
702 2065 900 2165 eademque
928 2066 1070 2139 fortuna
1108 2065 1234 2138 ambos
1259 2089 1327 2136 nos
1358 2062 1453 2137 male

386 2211 405 2254 u
425 2183 646 2282 perstringit3
670 2183 768 2257 unde
785 2197 821 2256 et
832 2183 930 2256 idem
948 2182 1136 2256 consilium
1152 2181 1350 2279 eademque
1362 2179 1452 2251 ratio

386 2327 406 2378 ᾳ
426 2298 532 2372 nobis
555 2298 731 2398 captanda
754 2299 907 2388 videtur.
933 2303 1058 2397 ¹Nuper
1083 2299 1180 2372 enim
1208 2297 1315 2370 ambo
1345 2294 1451 2394 lapsi,

387 2444 406 2485 ι(
426 2439 492 2488 vos
511 2413 557 2486 ab
586 2414 697 2513 gratia
724 2415 834 2513 regis,
858 2439 924 2512 ego
953 2413 1115 2487 a'llaroli
1140 2414 1294 2486 amicitia
1321 2412 1450 2485 decidi.

387 2559 408 2606 u,
427 2529 531 2603 Unde
539 2545 575 2604 et
585 2556 684 2625 nunc
691 2529 905 2620 vosKarolo,
914 2555 981 2628 ego
988 2531 1062 2628 regi
1070 2529 1255 2614 faveollle
1262 2529 1379 2619 vobis,
1390 2528 1455 2603 iste

387 2675 407 2716 a
427 2647 516 2720 mihi
534 2649 799 2749 promptissime
816 2647 940 2721 credit.
961 2649 998 2719 Si
1019 2650 1139 2746 itaque
1159 2673 1225 2747 per
1245 2672 1311 2719 vos
1334 2645 1455 2718 Karoli

387 2792 406 2831 u
427 2771 530 2872 amor
546 2765 636 2836 mihi
649 2765 865 2860 restituatur,
880 2765 972 2874 regis
992 2761 1101 2863 gratia
1118 2763 1221 2836 vobis
1233 2787 1308 2835 non
1327 2762 1451 2835 aberit.

388 2907 408 2966 a,
427 2877 537 2967 Quod
569 2893 605 2952 et
635 2879 727 2966 lbcto
759 2878 902 2954 difficile
924 2869 1002 2954 non
1031 2881 1111 2970 erit.
1147 2878 1319 2964 Karolum
1350 2879 1456 2977 igitur

388 3027 407 3078 u
426 3000 616 3073 convenite
627 3055 642 3098 ,Ι
662 3015 699 3074 et
719 3025 787 3101 pro
803 3026 862 3094 me
880 3003 909 3074 si
924 3001 1015 3094 sorte
1039 3001 1254 3083 concesserit
1273 3014 1385 3080 orate.
1401 3003 1456 3072 De

387 3150 407 3204 ις
426 3119 498 3222 lide
514 3145 596 3220 erga
607 3147 691 3220 eum
701 3122 880 3213 habenda,
894 3123 1005 3196 multa
1014 3123 1133 3196 dicere
1148 3146 1223 3212 non
1237 3121 1361 3204 inutile
1374 3122 1453 3194 erit.

353 3311 356 3320 .
386 3268 411 3330 ug
425 3247 481 3320 De
500 3241 629 3342 quibus
640 3244 670 3316 si
686 3242 774 3342 quid
791 3245 825 3317 ei
836 3241 986 3330 dubium
998 3245 1114 3320 visum
1126 3242 1242 3344 luerit,
1257 3257 1339 3345 post
1351 3240 1458 3315 dicite

386 3394 406 3450 a
425 3362 658 3466 probandum¹
680 3367 920 3450 sacramentis.
943 3367 981 3437 Si
1004 3365 1062 3438 his
1086 3365 1310 3465 episcopatus
1338 3363 1456 3437 reddi·

386 3510 406 3557 u
426 3481 518 3555 derit
532 3480 671 3574 sedem,
685 3479 802 3554 adsint
814 3496 1019 3558 sanctorum
1032 3479 1206 3579 reliquiae,
1222 3494 1366 3578 paratus
1376 3504 1457 3552 sum

385 3628 406 3670 u
427 3595 538 3671 lidem
556 3597 683 3673 lacere.
698 3599 735 3670 Si
753 3597 825 3670 hoc
835 3600 921 3673 satis
935 3599 1003 3672 erit
1019 3612 1056 3671 et
1073 3595 1285 3690 reddiderit,
1306 3596 1353 3670 de
1365 3597 1456 3695 regis

387 3715 538 3815 «gratia
557 3714 753 3814 plurimum
772 3714 953 3789 confidite.
976 3719 1018 3788 ln
1036 3703 1109 3788 bac
1120 3713 1241 3814 lingua
1264 3729 1300 3786 et
1324 3739 1452 3804 manu,

386 3861 406 3916 u
425 3857 495 3932 pax
507 3832 573 3904 sita
586 3846 688 3906 estet
703 3831 919 3906 dissidentia.
936 3835 1070 3930 Regem
1079 3829 1200 3903 adibo..
1214 3830 1457 3904 Commodum

386 3944 610 4045 «quoddam
632 3946 843 4048 spondebo,
873 3947 974 4046 quod
996 3972 1072 4021 non
1096 3947 1214 4021 solum
1237 3946 1305 4020 sibi
1333 3947 1398 4019 sed
1421 3962 1456 4020 et

386 4065 577 4162 «posteris
607 4065 651 4137 sit
680 4065 919 4164 prollrtumm.
957 4062 1069 4137 Dolos
1104 4063 1224 4138 llaroli
1259 4062 1452 4163 proferam,

420 4265 437 4313 ⁹
456 4263 648 4333 ldtlbmnis',
660 4264 767 4344 machin
777 4264 881 4326 daona.
