<?xml version="1.0" encoding="UTF-8"?>
<!DOCTYPE html PUBLIC "-//W3C//DTD XHTML 1.0 Transitional//EN"
    "http://www.w3.org/TR/xhtml1/DTD/xhtml1-transitional.dtd">
<html xmlns="http://www.w3.org/1999/xhtml" xml:lang="en" lang="en">
 <head>
  <title>
</title>
<meta http-equiv="Content-Type" content="text/html;charset=utf-8" />
  <meta name='ocr-system' content='tesseract 3.04.00' />
  <meta name='ocr-capabilities' content='ocr_page ocr_carea ocr_par ocr_line ocrx_word'/>
</head>
<body>
  <div class='ocr_page' id='page_1' title='image "./richerhistoired01parigoog_0026.png"; bbox 0 0 3308 5286; ppageno 0'>
   <div class='ocr_carea' id='block_1_1' title="bbox 370 436 1079 500">
    <p class='ocr_par' dir='ltr' id='par_1_1' title="bbox 370 436 1079 500">
     <span class='ocr_line' id='line_1_1' title="bbox 370 436 1079 500; baseline 0 -2"><span class='ocrx_word' id='word_1_1' title='bbox 370 442 408 498; x_wconf 85' lang='lat' dir='ltr'><strong>to</strong></span> <span class='ocrx_word' id='word_1_2' title='bbox 734 436 900 498; x_wconf 88' lang='lat' dir='ltr'>RICHERI</span> <span class='ocrx_word' id='word_1_3' title='bbox 923 438 997 500; x_wconf 84' lang='lat' dir='ltr'><strong>ttss.</strong></span> <span class='ocrx_word' id='word_1_4' title='bbox 1022 438 1079 498; x_wconf 93' lang='lat' dir='ltr'><strong>lll.</strong></span> 
     </span>
    </p>
   </div>
   <div class='ocr_carea' id='block_1_2' title="bbox 366 568 1448 3122">
    <p class='ocr_par' dir='ltr' id='par_1_2' title="bbox 366 568 1448 3122">
     <span class='ocr_line' id='line_1_2' title="bbox 368 568 1438 669; baseline 0.006 -31"><span class='ocrx_word' id='word_1_5' title='bbox 368 593 448 640; x_wconf 89' lang='lat' dir='ltr'><strong>rum</strong></span> <span class='ocrx_word' id='word_1_6' title='bbox 473 592 564 665; x_wconf 95' lang='lat' dir='ltr'><strong>quos</strong></span> <span class='ocrx_word' id='word_1_7' title='bbox 588 568 723 668; x_wconf 90' lang='lat' dir='ltr'><strong>ipsein</strong></span> <span class='ocrx_word' id='word_1_8' title='bbox 746 571 955 644; x_wconf 88' lang='lat' dir='ltr'><strong>militaribus</strong></span> <span class='ocrx_word' id='word_1_9' title='bbox 979 573 1192 643; x_wconf 79' lang='lat' dir='ltr'><strong>instruxerat</strong></span> <span class='ocrx_word' id='word_1_10' title='bbox 1214 570 1350 668; x_wconf 83' lang='lat' dir='ltr'><strong>dirigit,</strong></span> <span class='ocrx_word' id='word_1_11' title='bbox 1377 575 1438 669; x_wconf 90' lang='lat' dir='ltr'><strong>qui</strong></span> 
     </span>
     <span class='ocr_line' id='line_1_3' title="bbox 366 684 1439 787; baseline 0.006 -31"><span class='ocrx_word' id='word_1_12' title='bbox 366 685 437 756; x_wconf 91' lang='lat' dir='ltr'><strong>loci</strong></span> <span class='ocrx_word' id='word_1_13' title='bbox 454 684 703 758; x_wconf 85' lang='lat' dir='ltr'><strong>habitudinem</strong></span> <span class='ocrx_word' id='word_1_14' title='bbox 722 688 946 787; x_wconf 82' lang='lat' dir='ltr'><strong>militumque</strong></span> <span class='ocrx_word' id='word_1_15' title='bbox 964 711 1174 778; x_wconf 89' lang='lat' dir='ltr'><strong>numerum,</strong></span> <span class='ocrx_word' id='word_1_16' title='bbox 1195 713 1315 786; x_wconf 86' lang='lat' dir='ltr'><strong>rerum</strong></span> <span class='ocrx_word' id='word_1_17' title='bbox 1333 689 1439 762; x_wconf 87' lang='lat' dir='ltr'><strong>etiam</strong></span> 
     </span>
     <span class='ocr_line' id='line_1_4' title="bbox 367 800 1440 904; baseline 0.006 -33"><span class='ocrx_word' id='word_1_18' title='bbox 367 800 547 873; x_wconf 90' lang='lat' dir='ltr'><strong>fortunam</strong></span> <span class='ocrx_word' id='word_1_19' title='bbox 571 826 613 873; x_wconf 90' lang='lat' dir='ltr'><strong>ac</strong></span> <span class='ocrx_word' id='word_1_20' title='bbox 638 803 854 876; x_wconf 90' lang='lat' dir='ltr'><strong>famulorum</strong></span> <span class='ocrx_word' id='word_1_21' title='bbox 877 807 1029 896; x_wconf 85' lang='lat' dir='ltr'><strong>exitum,</strong></span> <span class='ocrx_word' id='word_1_22' title='bbox 1054 804 1271 902; x_wconf 81' lang='lat' dir='ltr'><strong>vigilumque</strong></span> <span class='ocrx_word' id='word_1_23' title='bbox 1293 806 1440 904; x_wconf 88' lang='lat' dir='ltr'><strong>diligen—</strong></span> 
     </span>
     <span class='ocr_line' id='line_1_5' title="bbox 366 919 1439 1021; baseline 0.007 -32"><span class='ocrx_word' id='word_1_24' title='bbox 366 919 471 1008; x_wconf 87' lang='lat' dir='ltr'><strong>tiam,</strong></span> <span class='ocrx_word' id='word_1_25' title='bbox 501 921 701 992; x_wconf 84' lang='lat' dir='ltr'><strong>cautissime</strong></span> <span class='ocrx_word' id='word_1_26' title='bbox 728 922 966 995; x_wconf 86' lang='lat' dir='ltr'><strong>considerent.</strong></span> <span class='ocrx_word' id='word_1_27' title='bbox 998 923 1204 995; x_wconf 88' lang='lat' dir='ltr'><strong>Procedunt</strong></span> <span class='ocrx_word' id='word_1_28' title='bbox 1222 924 1342 1021; x_wconf 92' lang='lat' dir='ltr'><strong>itaque</strong></span> <span class='ocrx_word' id='word_1_29' title='bbox 1365 924 1439 996; x_wconf 92' lang='lat' dir='ltr'><strong>duo</strong></span> 
     </span>
     <span class='ocr_line' id='line_1_6' title="bbox 367 1033 1441 1139; baseline 0.005 -35"><span class='ocrx_word' id='word_1_30' title='bbox 367 1048 507 1105; x_wconf 92' lang='lat' dir='ltr'><strong>tantum</strong></span> <span class='ocrx_word' id='word_1_31' title='bbox 535 1034 574 1105; x_wconf 93' lang='lat' dir='ltr'><strong>in</strong></span> <span class='ocrx_word' id='word_1_32' title='bbox 601 1033 726 1108; x_wconf 84' lang='lat' dir='ltr'><strong>habitu</strong></span> <span class='ocrx_word' id='word_1_33' title='bbox 756 1038 993 1137; x_wconf 88' lang='lat' dir='ltr'><strong>paupertino,</strong></span> <span class='ocrx_word' id='word_1_34' title='bbox 1030 1062 1214 1135; x_wconf 86' lang='lat' dir='ltr'><strong>acusque</strong></span> <span class='ocrx_word' id='word_1_35' title='bbox 1244 1038 1290 1109; x_wconf 91' lang='lat' dir='ltr'><strong>ad</strong></span> <span class='ocrx_word' id='word_1_36' title='bbox 1317 1039 1441 1139; x_wconf 91' lang='lat' dir='ltr'><strong>oppidi</strong></span> 
     </span>
     <span class='ocr_line' id='line_1_7' title="bbox 366 1156 1443 1260; baseline 0.006 -33"><span class='ocrx_word' id='word_1_37' title='bbox 366 1171 509 1254; x_wconf 90' lang='lat' dir='ltr'><strong>portam</strong></span> <span class='ocrx_word' id='word_1_38' title='bbox 526 1156 732 1230; x_wconf 86' lang='lat' dir='ltr'><strong>deveniunt.</strong></span> <span class='ocrx_word' id='word_1_39' title='bbox 763 1160 1044 1232; x_wconf 88' lang='lat' dir='ltr'><strong>Exstruebantur</strong></span> <span class='ocrx_word' id='word_1_40' title='bbox 1060 1175 1146 1232; x_wconf 88' lang='lat' dir='ltr'><strong>tunc</strong></span> <span class='ocrx_word' id='word_1_41' title='bbox 1164 1161 1258 1232; x_wconf 89' lang='lat' dir='ltr'><strong>muri</strong></span> <span class='ocrx_word' id='word_1_42' title='bbox 1277 1187 1343 1260; x_wconf 89' lang='lat' dir='ltr'><strong>per</strong></span> <span class='ocrx_word' id='word_1_43' title='bbox 1363 1161 1443 1233; x_wconf 91' lang='lat' dir='ltr'><strong>loca</strong></span> 
     </span>
     <span class='ocr_line' id='line_1_8' title="bbox 366 1272 1443 1377; baseline 0.004 -33"><span class='ocrx_word' id='word_1_44' title='bbox 366 1272 747 1371; x_wconf 84' lang='lat' dir='ltr'><strong>potioribus&#39;aedificiis.</strong></span> <span class='ocrx_word' id='word_1_45' title='bbox 772 1277 876 1348; x_wconf 91' lang='lat' dir='ltr'><strong>Unde</strong></span> <span class='ocrx_word' id='word_1_46' title='bbox 889 1294 925 1349; x_wconf 93' lang='lat' dir='ltr'><strong>et</strong></span> <span class='ocrx_word' id='word_1_47' title='bbox 943 1277 1103 1377; x_wconf 88' lang='lat' dir='ltr'><strong>lapidum</strong></span> <span class='ocrx_word' id='word_1_48' title='bbox 1116 1279 1348 1376; x_wconf 75' lang='lat' dir='ltr'><strong>caementique</strong></span> <span class='ocrx_word' id='word_1_49' title='bbox 1360 1303 1443 1376; x_wconf 92' lang='lat' dir='ltr'><strong>por-</strong></span> 
     </span>
     <span class='ocr_line' id='line_1_9' title="bbox 366 1381 1443 1492; baseline 0.006 -32"><span class='ocrx_word' id='word_1_50' title='bbox 366 1391 506 1482; x_wconf 88' lang='lat' dir='ltr'><strong>titores,</strong></span> <span class='ocrx_word' id='word_1_51' title='bbox 534 1416 626 1490; x_wconf 86' lang='lat' dir='ltr'><strong>saepe</strong></span> <span class='ocrx_word' id='word_1_52' title='bbox 643 1417 708 1491; x_wconf 89' lang='lat' dir='ltr'><strong>per</strong></span> <span class='ocrx_word' id='word_1_53' title='bbox 725 1408 867 1490; x_wconf 89' lang='lat' dir='ltr'><strong>portam</strong></span> <span class='ocrx_word' id='word_1_54' title='bbox 880 1394 1171 1492; x_wconf 84' lang='lat' dir='ltr'><strong>egrediebantur,</strong></span> <span class='ocrx_word' id='word_1_55' title='bbox 1196 1381 1443 1492; x_wconf 88' lang='lat' dir='ltr'><strong>regredieban-</strong></span> 
     </span>
     <span class='ocr_line' id='line_1_10' title="bbox 366 1509 1445 1613; baseline 0.005 -36"><span class='ocrx_word' id='word_1_56' title='bbox 366 1521 495 1605; x_wconf 89' lang='lat' dir='ltr'><strong>turque</strong></span> <span class='ocrx_word' id='word_1_57' title='bbox 513 1523 685 1607; x_wconf 84' lang='lat' dir='ltr'><strong>praesente</strong></span> <span class='ocrx_word' id='word_1_58' title='bbox 701 1521 828 1580; x_wconf 82' lang='lat' dir='ltr'><strong>‘eorum</strong></span> <span class='ocrx_word' id='word_1_59' title='bbox 840 1511 903 1608; x_wconf 94' lang='lat' dir='ltr'><strong>qui</strong></span> <span class='ocrx_word' id='word_1_60' title='bbox 917 1511 1018 1610; x_wconf 88' lang='lat' dir='ltr'><strong>operi</strong></span> <span class='ocrx_word' id='word_1_61' title='bbox 1035 1510 1247 1613; x_wconf 88' lang='lat' dir='ltr'><strong>praesidebat</strong></span> <span class='ocrx_word' id='word_1_62' title='bbox 1257 1511 1286 1581; x_wconf 83' lang='lat'><strong>⁴.</strong></span> <span class='ocrx_word' id='word_1_63' title='bbox 1307 1509 1445 1582; x_wconf 76' lang='lat' dir='ltr'><strong>Adsunt</strong></span> 
     </span>
     <span class='ocr_line' id='line_1_11' title="bbox 367 1616 1446 1727; baseline 0.004 -33"><span class='ocrx_word' id='word_1_64' title='bbox 367 1623 627 1722; x_wconf 86' lang='lat' dir='ltr'><strong>exploratores,</strong></span> <span class='ocrx_word' id='word_1_65' title='bbox 658 1624 765 1696; x_wconf 89' lang='lat' dir='ltr'><strong>etad</strong></span> <span class='ocrx_word' id='word_1_66' title='bbox 791 1627 1095 1725; x_wconf 86' lang='lat' dir='ltr'><strong>comportandum</strong></span> <span class='ocrx_word' id='word_1_67' title='bbox 1124 1627 1260 1727; x_wconf 89' lang='lat' dir='ltr'><strong>lapides</strong></span> <span class='ocrx_word' id='word_1_68' title='bbox 1291 1616 1446 1700; x_wconf 82' lang='lat' dir='ltr'><strong>offerunt</strong></span> 
     </span>
     <span class='ocr_line' id='line_1_12' title="bbox 367 1743 1441 1844; baseline 0.002 -32"><span class='ocrx_word' id='word_1_69' title='bbox 367 1765 454 1813; x_wconf 90' lang='lat' dir='ltr'><strong>sese.</strong></span> <span class='ocrx_word' id='word_1_70' title='bbox 476 1746 703 1841; x_wconf 90' lang='lat' dir='ltr'><strong>Deputantur</strong></span> <span class='ocrx_word' id='word_1_71' title='bbox 715 1743 834 1840; x_wconf 90' lang='lat' dir='ltr'><strong>operi,</strong></span> <span class='ocrx_word' id='word_1_72' title='bbox 861 1743 1037 1842; x_wconf 86' lang='lat' dir='ltr'><strong>daturque</strong></span> <span class='ocrx_word' id='word_1_73' title='bbox 1051 1745 1101 1817; x_wconf 94' lang='lat' dir='ltr'><strong>eis</strong></span> <span class='ocrx_word' id='word_1_74' title='bbox 1115 1744 1296 1817; x_wconf 90' lang='lat' dir='ltr'><strong>clitellaria</strong></span> <span class='ocrx_word' id='word_1_75' title='bbox 1309 1759 1441 1844; x_wconf 88' lang='lat' dir='ltr'><strong>sporta.</strong></span> 
     </span>
     <span class='ocr_line' id='line_1_13' title="bbox 367 1860 1446 1960; baseline 0.005 -31"><span class='ocrx_word' id='word_1_76' title='bbox 367 1862 602 1957; x_wconf 91' lang='lat' dir='ltr'><strong>Comportant</strong></span> <span class='ocrx_word' id='word_1_77' title='bbox 627 1860 748 1956; x_wconf 91' lang='lat' dir='ltr'><strong>itaque</strong></span> <span class='ocrx_word' id='word_1_78' title='bbox 772 1875 986 1960; x_wconf 79' lang='lat' dir='ltr'><strong>caementum</strong></span> <span class='ocrx_word' id='word_1_79' title='bbox 1011 1885 1053 1932; x_wconf 90' lang='lat' dir='ltr'><strong>ac</strong></span> <span class='ocrx_word' id='word_1_80' title='bbox 1082 1860 1237 1960; x_wconf 90' lang='lat' dir='ltr'><strong>lapides,</strong></span> <span class='ocrx_word' id='word_1_81' title='bbox 1271 1887 1313 1932; x_wconf 92' lang='lat' dir='ltr'><strong>ac</strong></span> <span class='ocrx_word' id='word_1_82' title='bbox 1342 1886 1446 1936; x_wconf 90' lang='lat' dir='ltr'><strong>num·</strong></span> 
     </span>
     <span class='ocr_line' id='line_1_14' title="bbox 368 1975 1446 2074; baseline 0.002 -29"><span class='ocrx_word' id='word_1_83' title='bbox 368 1975 476 2046; x_wconf 77' lang='lat' dir='ltr'><strong>m0s²</strong></span> <span class='ocrx_word' id='word_1_84' title='bbox 502 1975 661 2073; x_wconf 88' lang='lat' dir='ltr'><strong>singulos</strong></span> <span class='ocrx_word' id='word_1_85' title='bbox 686 1975 815 2072; x_wconf 85' lang='lat' dir='ltr'><strong>singuli</strong></span> <span class='ocrx_word' id='word_1_86' title='bbox 843 1977 881 2046; x_wconf 92' lang='lat' dir='ltr'><strong>in</strong></span> <span class='ocrx_word' id='word_1_87' title='bbox 905 1976 982 2048; x_wconf 88' lang='lat' dir='ltr'><strong>dies</strong></span> <span class='ocrx_word' id='word_1_88' title='bbox 1006 1977 1196 2074; x_wconf 86' lang='lat' dir='ltr'><strong>accipiunt.</strong></span> <span class='ocrx_word' id='word_1_89' title='bbox 1225 1982 1314 2046; x_wconf 86' lang='lat' dir='ltr'><strong>Ante</strong></span> <span class='ocrx_word' id='word_1_90' title='bbox 1332 1975 1446 2047; x_wconf 93' lang='lat' dir='ltr'><strong>domi-</strong></span> 
     </span>
     <span class='ocr_line' id='line_1_15' title="bbox 367 2077 1442 2180; baseline 0 -18"><span class='ocrx_word' id='word_1_91' title='bbox 367 2093 573 2165; x_wconf 82' lang='lat' dir='ltr'><strong>nemetiam</strong></span> <span class='ocrx_word' id='word_1_92' title='bbox 590 2077 674 2164; x_wconf 88' lang='lat' dir='ltr'><strong>cum</strong></span> <span class='ocrx_word' id='word_1_93' title='bbox 691 2091 833 2164; x_wconf 92' lang='lat' dir='ltr'><strong>latomis</strong></span> <span class='ocrx_word' id='word_1_94' title='bbox 852 2108 888 2164; x_wconf 89' lang='lat' dir='ltr'><strong>et</strong></span> <span class='ocrx_word' id='word_1_95' title='bbox 905 2094 1136 2164; x_wconf 86' lang='lat' dir='ltr'><strong>caementariis</strong></span> <span class='ocrx_word' id='word_1_96' title='bbox 1149 2093 1205 2162; x_wconf 91' lang='lat' dir='ltr'><strong>bis</strong></span> <span class='ocrx_word' id='word_1_97' title='bbox 1219 2090 1325 2163; x_wconf 89' lang='lat' dir='ltr'><strong>cibati</strong></span> <span class='ocrx_word' id='word_1_98' title='bbox 1343 2106 1442 2180; x_wconf 93' lang='lat' dir='ltr'><strong>sunt,</strong></span> 
     </span>
     <span class='ocr_line' id='line_1_16' title="bbox 366 2201 1447 2308; baseline -0.001 -31"><span class='ocrx_word' id='word_1_99' title='bbox 366 2201 506 2278; x_wconf 90' lang='lat' dir='ltr'><strong>curiose</strong></span> <span class='ocrx_word' id='word_1_100' title='bbox 525 2208 647 2308; x_wconf 90' lang='lat' dir='ltr'><strong>omnia</strong></span> <span class='ocrx_word' id='word_1_101' title='bbox 664 2207 960 2305; x_wconf 87' lang='lat' dir='ltr'><strong>contemplantes.</strong></span> <span class='ocrx_word' id='word_1_102' title='bbox 986 2201 1149 2279; x_wconf 79' lang='lat' dir='ltr'><strong>Dominae</strong></span> <span class='ocrx_word' id='word_1_103' title='bbox 1174 2207 1280 2277; x_wconf 88' lang='lat' dir='ltr'><strong>etiam</strong></span> <span class='ocrx_word' id='word_1_104' title='bbox 1302 2205 1447 2278; x_wconf 87' lang='lat' dir='ltr'><strong>cubicu-</strong></span> 
     </span>
     <span class='ocr_line' id='line_1_17' title="bbox 367 2320 1447 2425; baseline 0.001 -32"><span class='ocrx_word' id='word_1_105' title='bbox 367 2321 461 2413; x_wconf 91' lang='lat' dir='ltr'><strong>lum,</strong></span> <span class='ocrx_word' id='word_1_106' title='bbox 478 2323 626 2420; x_wconf 90' lang='lat' dir='ltr'><strong>ejusque</strong></span> <span class='ocrx_word' id='word_1_107' title='bbox 639 2339 809 2395; x_wconf 91' lang='lat' dir='ltr'><strong>natorum</strong></span> <span class='ocrx_word' id='word_1_108' title='bbox 818 2323 1085 2412; x_wconf 86' lang='lat' dir='ltr'><strong>diverticulum,</strong></span> <span class='ocrx_word' id='word_1_109' title='bbox 1108 2320 1171 2425; x_wconf 89' lang='lat' dir='ltr'><strong>sed</strong></span> <span class='ocrx_word' id='word_1_110' title='bbox 1184 2337 1220 2393; x_wconf 89' lang='lat' dir='ltr'><strong>et</strong></span> <span class='ocrx_word' id='word_1_111' title='bbox 1229 2321 1447 2394; x_wconf 88' lang='lat' dir='ltr'><strong>famulorum</strong></span> 
     </span>
     <span class='ocr_line' id='line_1_18' title="bbox 368 2437 1444 2538; baseline -0.001 -28"><span class='ocrx_word' id='word_1_112' title='bbox 368 2437 549 2536; x_wconf 87' lang='lat' dir='ltr'><strong>egressum</strong></span> <span class='ocrx_word' id='word_1_113' title='bbox 577 2455 613 2511; x_wconf 95' lang='lat' dir='ltr'><strong>et</strong></span> <span class='ocrx_word' id='word_1_114' title='bbox 641 2466 862 2538; x_wconf 88' lang='lat' dir='ltr'><strong>regressum,</strong></span> <span class='ocrx_word' id='word_1_115' title='bbox 895 2441 1158 2536; x_wconf 90' lang='lat' dir='ltr'><strong>actionumque</strong></span> <span class='ocrx_word' id='word_1_116' title='bbox 1176 2453 1444 2536; x_wconf 87' lang='lat' dir='ltr'><strong>tempestatem,</strong></span> 
     </span>
     <span class='ocr_line' id='line_1_19' title="bbox 368 2539 1447 2656; baseline -0.004 -28"><span class='ocrx_word' id='word_1_117' title='bbox 368 2557 430 2629; x_wconf 90' lang='lat' dir='ltr'><strong>ubi</strong></span> <span class='ocrx_word' id='word_1_118' title='bbox 451 2558 558 2629; x_wconf 90' lang='lat' dir='ltr'><strong>etiam</strong></span> <span class='ocrx_word' id='word_1_119' title='bbox 581 2556 757 2656; x_wconf 92' lang='lat' dir='ltr'><strong>oppidum</strong></span> <span class='ocrx_word' id='word_1_120' title='bbox 774 2555 912 2626; x_wconf 92' lang='lat' dir='ltr'><strong>insidiis</strong></span> <span class='ocrx_word' id='word_1_121' title='bbox 933 2556 1044 2651; x_wconf 89' lang='lat' dir='ltr'><strong>magis</strong></span> <span class='ocrx_word' id='word_1_122' title='bbox 1064 2568 1203 2652; x_wconf 89' lang='lat' dir='ltr'><strong>pateat,</strong></span> <span class='ocrx_word' id='word_1_123' title='bbox 1228 2539 1341 2625; x_wconf 82' lang='lat' dir='ltr'><strong>mtdta</strong></span> <span class='ocrx_word' id='word_1_124' title='bbox 1361 2578 1447 2625; x_wconf 90' lang='lat' dir='ltr'><strong>con·</strong></span> 
     </span>
     <span class='ocr_line' id='line_1_20' title="bbox 369 2670 1443 2771; baseline -0.002 -27"><span class='ocrx_word' id='word_1_125' title='bbox 369 2673 583 2745; x_wconf 88' lang='lat' dir='ltr'><strong>sideratione</strong></span> <span class='ocrx_word' id='word_1_126' title='bbox 602 2686 806 2771; x_wconf 89' lang='lat' dir='ltr'><strong>pernotant.</strong></span> <span class='ocrx_word' id='word_1_127' title='bbox 836 2675 881 2740; x_wconf 91' lang='lat' dir='ltr'><strong>Et</strong></span> <span class='ocrx_word' id='word_1_128' title='bbox 903 2670 1028 2742; x_wconf 90' lang='lat' dir='ltr'><strong>diebus</strong></span> <span class='ocrx_word' id='word_1_129' title='bbox 1053 2686 1208 2767; x_wconf 91' lang='lat' dir='ltr'><strong>quatuor</strong></span> <span class='ocrx_word' id='word_1_130' title='bbox 1229 2672 1443 2760; x_wconf 87' lang='lat' dir='ltr'><strong>consumtis,</strong></span> 
     </span>
     <span class='ocr_line' id='line_1_21' title="bbox 370 2787 1447 2887; baseline -0.005 -24"><span class='ocrx_word' id='word_1_131' title='bbox 370 2792 447 2864; x_wconf 92' lang='lat' dir='ltr'><strong>dies</strong></span> <span class='ocrx_word' id='word_1_132' title='bbox 477 2789 712 2862; x_wconf 82' lang='lat' dir='ltr'><strong>imminebat³</strong></span> <span class='ocrx_word' id='word_1_133' title='bbox 750 2787 945 2859; x_wconf 87' lang='lat' dir='ltr'><strong>dominica.</strong></span> <span class='ocrx_word' id='word_1_134' title='bbox 980 2787 1109 2884; x_wconf 90' lang='lat' dir='ltr'><strong>Sicque</strong></span> <span class='ocrx_word' id='word_1_135' title='bbox 1139 2803 1284 2887; x_wconf 89' lang='lat' dir='ltr'><strong>accepta</strong></span> <span class='ocrx_word' id='word_1_136' title='bbox 1316 2787 1447 2868; x_wconf 84' lang='lat' dir='ltr'><strong>laboris</strong></span> 
     </span>
     <span class='ocr_line' id='line_1_22' title="bbox 370 2903 1448 3003; baseline -0.002 -25"><span class='ocrx_word' id='word_1_137' title='bbox 370 2907 535 2984; x_wconf 87' lang='lat' dir='ltr'><strong>mercede</strong></span> <span class='ocrx_word' id='word_1_138' title='bbox 551 2907 578 2998; x_wconf 57' lang='lat' dir='ltr'><strong>l,</strong></span> <span class='ocrx_word' id='word_1_139' title='bbox 600 2904 646 2977; x_wconf 91' lang='lat' dir='ltr'><strong>ab</strong></span> <span class='ocrx_word' id='word_1_140' title='bbox 665 2928 774 3003; x_wconf 90' lang='lat' dir='ltr'><strong>opere</strong></span> <span class='ocrx_word' id='word_1_141' title='bbox 791 2903 898 2975; x_wconf 92' lang='lat' dir='ltr'><strong>soluti</strong></span> <span class='ocrx_word' id='word_1_142' title='bbox 916 2919 1011 2975; x_wconf 92' lang='lat' dir='ltr'><strong>sunt.</strong></span> <span class='ocrx_word' id='word_1_143' title='bbox 1038 2903 1199 2976; x_wconf 88' lang='lat' dir='ltr'><strong>Redeunt</strong></span> <span class='ocrx_word' id='word_1_144' title='bbox 1217 2904 1323 3001; x_wconf 89' lang='lat' dir='ltr'><strong>igitur</strong></span> <span class='ocrx_word' id='word_1_145' title='bbox 1335 2904 1448 2976; x_wconf 91' lang='lat' dir='ltr'><strong>omni·</strong></span> 
     </span>
     <span class='ocr_line' id='line_1_23' title="bbox 371 3017 1231 3122; baseline -0.006 -27"><span class='ocrx_word' id='word_1_146' title='bbox 371 3023 439 3095; x_wconf 94' lang='lat' dir='ltr'><strong>bus</strong></span> <span class='ocrx_word' id='word_1_147' title='bbox 456 3021 661 3122; x_wconf 77' lang='lat' dir='ltr'><strong>exploratis,</strong></span> <span class='ocrx_word' id='word_1_148' title='bbox 687 3045 729 3091; x_wconf 91' lang='lat' dir='ltr'><strong>ac</strong></span> <span class='ocrx_word' id='word_1_149' title='bbox 747 3020 840 3116; x_wconf 89' lang='lat' dir='ltr'><strong>patri</strong></span> <span class='ocrx_word' id='word_1_150' title='bbox 858 3044 940 3090; x_wconf 92' lang='lat' dir='ltr'><strong>meo</strong></span> <span class='ocrx_word' id='word_1_151' title='bbox 960 3019 1043 3092; x_wconf 90' lang='lat' dir='ltr'><strong>talia</strong></span> <span class='ocrx_word' id='word_1_152' title='bbox 1061 3017 1231 3092; x_wconf 82' lang='lat' dir='ltr'><strong>referunt.</strong></span> 
     </span>
    </p>
   </div>
   <div class='ocr_carea' id='block_1_3' title="bbox 880 3192 931 3244">
    <p class='ocr_par' dir='ltr' id='par_1_3' title="bbox 880 3192 931 3244">
     <span class='ocr_line' id='line_1_24' title="bbox 880 3192 931 3244; baseline 0.039 -2"><span class='ocrx_word' id='word_1_153' title='bbox 880 3192 931 3244; x_wconf 89' lang='lat' dir='ltr'><strong>IX.</strong></span> 
     </span>
    </p>
   </div>
   <div class='ocr_carea' id='block_1_4' title="bbox 375 3294 1450 3878">
    <p class='ocr_par' dir='ltr' id='par_1_4' title="bbox 375 3294 1450 3878">
     <span class='ocr_line' id='line_1_25' title="bbox 422 3294 1446 3397; baseline -0.011 -23"><span class='ocrx_word' id='word_1_154' title='bbox 422 3303 485 3374; x_wconf 93' lang='lat' dir='ltr'><strong>Ille</strong></span> <span class='ocrx_word' id='word_1_155' title='bbox 510 3303 548 3372; x_wconf 92' lang='lat' dir='ltr'><strong>in</strong></span> <span class='ocrx_word' id='word_1_156' title='bbox 574 3299 686 3371; x_wconf 92' lang='lat' dir='ltr'><strong>multa</strong></span> <span class='ocrx_word' id='word_1_157' title='bbox 713 3323 775 3397; x_wconf 93' lang='lat' dir='ltr'><strong>spe</strong></span> <span class='ocrx_word' id='word_1_158' title='bbox 800 3299 922 3370; x_wconf 91' lang='lat' dir='ltr'><strong>omnia</strong></span> <span class='ocrx_word' id='word_1_159' title='bbox 945 3322 1104 3397; x_wconf 90' lang='lat' dir='ltr'><strong>ponens,</strong></span> <span class='ocrx_word' id='word_1_160' title='bbox 1138 3297 1260 3393; x_wconf 87' lang='lat' dir='ltr'><strong>regina</strong></span> <span class='ocrx_word' id='word_1_161' title='bbox 1286 3294 1446 3383; x_wconf 87' lang='lat' dir='ltr'><strong>conscia,</strong></span> 
     </span>
     <span class='ocr_line' id='line_1_26' title="bbox 375 3410 1449 3514; baseline -0.01 -22"><span class='ocrx_word' id='word_1_162' title='bbox 375 3445 459 3492; x_wconf 91' lang='lat' dir='ltr'><strong>cum</strong></span> <span class='ocrx_word' id='word_1_163' title='bbox 476 3416 615 3490; x_wconf 89' lang='lat' dir='ltr'><strong>duabus</strong></span> <span class='ocrx_word' id='word_1_164' title='bbox 634 3415 842 3488; x_wconf 88' lang='lat' dir='ltr'><strong>cohortibus</strong></span> <span class='ocrx_word' id='word_1_165' title='bbox 866 3415 1042 3514; x_wconf 89' lang='lat' dir='ltr'><strong>oppidum</strong></span> <span class='ocrx_word' id='word_1_166' title='bbox 1060 3414 1151 3506; x_wconf 88' lang='lat' dir='ltr'><strong>adit,</strong></span> <span class='ocrx_word' id='word_1_167' title='bbox 1177 3438 1219 3484; x_wconf 86' lang='lat' dir='ltr'><strong>ac</strong></span> <span class='ocrx_word' id='word_1_168' title='bbox 1237 3410 1449 3483; x_wconf 91' lang='lat' dir='ltr'><strong>ducentibus</strong></span> 
     </span>
     <span class='ocr_line' id='line_1_27' title="bbox 375 3529 1449 3632; baseline -0.01 -26"><span class='ocrx_word' id='word_1_169' title='bbox 375 3537 417 3607; x_wconf 92' lang='lat' dir='ltr'><strong>iis</strong></span> <span class='ocrx_word' id='word_1_170' title='bbox 434 3558 525 3632; x_wconf 93' lang='lat' dir='ltr'><strong>quos</strong></span> <span class='ocrx_word' id='word_1_171' title='bbox 543 3532 777 3630; x_wconf 83' lang='lat' dir='ltr'><strong>praemiserat,</strong></span> <span class='ocrx_word' id='word_1_172' title='bbox 802 3555 867 3629; x_wconf 90' lang='lat' dir='ltr'><strong>per</strong></span> <span class='ocrx_word' id='word_1_173' title='bbox 883 3529 1005 3602; x_wconf 91' lang='lat' dir='ltr'><strong>locum</strong></span> <span class='ocrx_word' id='word_1_174' title='bbox 1022 3544 1286 3628; x_wconf 90' lang='lat' dir='ltr'><strong>competentem</strong></span> <span class='ocrx_word' id='word_1_175' title='bbox 1303 3541 1449 3614; x_wconf 84' lang='lat' dir='ltr'><strong>noctur·</strong></span> 
     </span>
     <span class='ocr_line' id='line_1_28' title="bbox 376 3645 1450 3747; baseline -0.01 -23"><span class='ocrx_word' id='word_1_176' title='bbox 376 3678 444 3724; x_wconf 90' lang='lat' dir='ltr'><strong>nus</strong></span> <span class='ocrx_word' id='word_1_177' title='bbox 465 3649 673 3747; x_wconf 90' lang='lat' dir='ltr'><strong>ingreditur.</strong></span> <span class='ocrx_word' id='word_1_178' title='bbox 703 3655 826 3722; x_wconf 89' lang='lat' dir='ltr'><strong>Portas</strong></span> <span class='ocrx_word' id='word_1_179' title='bbox 853 3663 889 3721; x_wconf 93' lang='lat' dir='ltr'><strong>et</strong></span> <span class='ocrx_word' id='word_1_180' title='bbox 906 3651 1019 3720; x_wconf 84' lang='lat' dir='ltr'><strong>exitus</strong></span> <span class='ocrx_word' id='word_1_181' title='bbox 1046 3674 1172 3722; x_wconf 92' lang='lat' dir='ltr'><strong>omnes</strong></span> <span class='ocrx_word' id='word_1_182' title='bbox 1195 3645 1377 3745; x_wconf 87' lang='lat' dir='ltr'><strong>pervadit,</strong></span> <span class='ocrx_word' id='word_1_183' title='bbox 1409 3667 1450 3714; x_wconf 91' lang='lat' dir='ltr'><strong>ac</strong></span> 
     </span>
     <span class='ocr_line' id='line_1_29' title="bbox 376 3762 1449 3878; baseline -0.007 -38"><span class='ocrx_word' id='word_1_184' title='bbox 376 3767 559 3859; x_wconf 88' lang='lat' dir='ltr'><strong>custodes,</strong></span> <span class='ocrx_word' id='word_1_185' title='bbox 580 3767 719 3863; x_wconf 91' lang='lat' dir='ltr'><strong>nequis</strong></span> <span class='ocrx_word' id='word_1_186' title='bbox 733 3765 894 3862; x_wconf 87' lang='lat' dir='ltr'><strong>effugiat,</strong></span> <span class='ocrx_word' id='word_1_187' title='bbox 911 3767 1069 3865; x_wconf 90' lang='lat' dir='ltr'><strong>deputat.</strong></span> <span class='ocrx_word' id='word_1_188' title='bbox 1092 3772 1170 3878; x_wconf 81' lang='lat' dir='ltr'><strong>lpse</strong></span> <span class='ocrx_word' id='word_1_189' title='bbox 1185 3765 1231 3836; x_wconf 92' lang='lat' dir='ltr'><strong>ad</strong></span> <span class='ocrx_word' id='word_1_190' title='bbox 1245 3762 1449 3835; x_wconf 89' lang='lat' dir='ltr'><strong>cubiculum</strong></span> 
     </span>
    </p>
   </div>
   <div class='ocr_carea' id='block_1_5' title="bbox 412 3978 953 4266">
    <p class='ocr_par' dir='ltr' id='par_1_5' title="bbox 412 3978 953 4177">
     <span class='ocr_line' id='line_1_30' title="bbox 415 3978 953 4050; baseline -0.007 -16"><span class='ocrx_word' id='word_1_191' title='bbox 415 3983 422 4012; x_wconf 84' lang='lat'><strong>¹</strong></span> <span class='ocrx_word' id='word_1_192' title='bbox 443 3979 551 4034; x_wconf 85' lang='lat' dir='ltr'><strong>custode</strong></span> <span class='ocrx_word' id='word_1_193' title='bbox 562 3997 625 4031; x_wconf 81' lang='lat' dir='ltr'><strong>corr.</strong></span> <span class='ocrx_word' id='word_1_194' title='bbox 639 3980 684 4049; x_wconf 88' lang='lat' dir='ltr'><strong>qui</strong></span> <span class='ocrx_word' id='word_1_195' title='bbox 698 3980 773 4049; x_wconf 87' lang='lat' dir='ltr'><strong>operi</strong></span> <span class='ocrx_word' id='word_1_196' title='bbox 787 3978 953 4050; x_wconf 70' lang='lat' dir='ltr'><strong>presidebat.</strong></span> 
     </span>
     <span class='ocr_line' id='line_1_31' title="bbox 412 4049 946 4124; baseline -0.006 -21"><span class='ocrx_word' id='word_1_197' title='bbox 412 4056 424 4084; x_wconf 74' lang='lat'>⁹</span> <span class='ocrx_word' id='word_1_198' title='bbox 434 4053 540 4124; x_wconf 79' lang='lat' dir='ltr'><strong>primunt</strong></span> <span class='ocrx_word' id='word_1_199' title='bbox 555 4049 574 4103; x_wconf 94' lang='lat' dir='ltr'><strong>d</strong></span> <span class='ocrx_word' id='word_1_200' title='bbox 587 4052 701 4122; x_wconf 83' lang='lat' dir='ltr'><strong>scriptum</strong></span> <span class='ocrx_word' id='word_1_201' title='bbox 713 4063 765 4100; x_wconf 85' lang='lat' dir='ltr'><strong>erat</strong></span> <span class='ocrx_word' id='word_1_202' title='bbox 780 4050 946 4120; x_wconf 86' lang='lat' dir='ltr'><strong>(denarios)</strong></span> 
     </span>
     <span class='ocr_line' id='line_1_32' title="bbox 414 4122 783 4177; baseline -0.005 -1"><span class='ocrx_word' id='word_1_203' title='bbox 414 4126 425 4154; x_wconf 83' lang='lat'><strong>³</strong></span> <span class='ocrx_word' id='word_1_204' title='bbox 444 4122 534 4176; x_wconf 85' lang='lat' dir='ltr'><strong>aderat</strong></span> <span class='ocrx_word' id='word_1_205' title='bbox 544 4140 606 4173; x_wconf 71' lang='lat' dir='ltr'><strong>corr.</strong></span> <span class='ocrx_word' id='word_1_206' title='bbox 620 4122 783 4177; x_wconf 87' lang='lat' dir='ltr'><strong>imminebat.</strong></span> 
     </span>
    </p>

    <p class='ocr_par' dir='ltr' id='par_1_6' title="bbox 415 4192 674 4266">
     <span class='ocr_line' id='line_1_33' title="bbox 415 4192 674 4266; baseline -0.015 -19"><span class='ocrx_word' id='word_1_207' title='bbox 415 4196 426 4237; x_wconf 70' lang='lat' dir='ltr'><strong>l</strong></span> <span class='ocrx_word' id='word_1_208' title='bbox 444 4193 530 4266; x_wconf 87' lang='lat' dir='ltr'><strong>operis</strong></span> <span class='ocrx_word' id='word_1_209' title='bbox 543 4192 631 4265; x_wconf 81' lang='lat' dir='ltr'><strong>precio</strong></span> <span class='ocrx_word' id='word_1_210' title='bbox 651 4195 674 4244; x_wconf 94' lang='lat' dir='ltr'><strong>l.</strong></span> 
     </span>
    </p>
   </div>
   <div class='ocr_carea' id='block_1_6' title="bbox 0 0 1667 5286">
    <p class='ocr_par' dir='ltr' id='par_1_7' title="bbox 0 0 1667 5286">
     <span class='ocr_line' id='line_1_34' title="bbox 0 0 1667 5286; baseline 0 0"><span class='ocrx_word' id='word_1_211' title='bbox 0 0 1667 5286; x_wconf 95' lang='lat' dir='ltr'><strong> </strong></span> 
     </span>
    </p>
   </div>
  </div>
 </body>
</html>
