3314 5294
358 497 398 557 80
713 490 881 554 RICHERI
903 491 976 552 LlB.
1000 491 1060 550 Ill.

357 637 479 699 rarum
504 617 652 697 scientia
675 624 812 716 clarus,
830 624 921 698 adeo
943 639 983 696 ut
1005 626 1042 696 in
1061 621 1279 722 disputando
1298 645 1341 692 ex
1360 635 1436 692 arte

357 759 393 817 et
423 749 666 843 proponeret,
701 757 737 814 et
769 742 1003 842 probabiliter
1038 740 1282 814 concluderet.
1321 743 1436 812 Penes

357 885 468 960 quem
481 883 632 958 regnum
649 861 849 932 Germaniae
868 884 952 934 cum
973 859 1168 932 Galliarum
1187 859 1305 956 aliqua
1320 872 1434 957 parte,

229 1032 238 1050 ,
358 1004 472 1078 usque
493 978 539 1051 ad
557 977 654 1050 diem
672 979 752 1063 vitae
775 979 850 1075 ejus
870 1002 1102 1078 supremum,
1120 978 1275 1069 mansit,
1290 976 1355 1048 sed
1376 975 1438 1048 ali·

358 1095 506 1194 quando
533 1095 646 1167 dubio
672 1111 777 1167 statu.
806 1099 897 1167 Nam
919 1097 1012 1168 inter
1034 1096 1152 1195 ipsum
1175 1110 1210 1166 et
1228 1094 1438 1166 Lotharinm

358 1213 552 1300 Gallorum
566 1239 706 1310 regem,
729 1213 948 1311 quandoque
963 1208 1039 1285 ⁴'et
1061 1212 1187 1284 odium
1207 1213 1385 1302 immane,
1403 1225 1439 1283 et

358 1355 490 1430 anceps
510 1330 661 1402 victoria
685 1329 762 1401 fuit.
784 1331 927 1401 Etenim
951 1354 1035 1401 curn
1062 1329 1107 1401 ab
1135 1333 1269 1401 Ottone
1299 1311 1439 1425 Belgica

359 1461 559 1538 teneretur,
575 1461 612 1519 et
635 1446 841 1518 aLothario
860 1448 1108 1545 impeteretur,
1130 1461 1255 1517 contra
1278 1470 1315 1516 se
1334 1443 1439 1516 dolos

359 1577 421 1634 aut
438 1563 531 1634 vires
549 1560 806 1652 moliebantur,
824 1585 879 1633 ·eo
900 1560 1001 1658 quod
1023 1577 1175 1657 uterque
1195 1575 1231 1632 et
1250 1585 1357 1631 suum
1377 1583 1439 1658 pa·

359 1695 451 1752 trem
474 1704 555 1751 eam
581 1679 737 1750 tenuisse
759 1680 1013 1768 contenderet,
1032 1695 1067 1751 et
1086 1679 1306 1764 exercituum
1319 1676 1438 1749 multi-

360 1795 487 1868 tudine
499 1811 650 1892 uterque
664 1809 744 1867 eam
758 1821 795 1867 se
808 1796 1041 1896 defensurum
1056 1821 1133 1867 non
1146 1794 1335 1867 diffideret.
1348 1798 1439 1865 Nam

360 1929 396 1986 et
422 1913 596 1985 Ludovici
615 1913 731 2012 patris
756 1913 914 1985 Lotharii
943 1913 1030 2005 ibit,
1055 1929 1089 1985 et
1114 1913 1190 2008 ejus
1216 1927 1299 2010 post
1322 1911 1435 2000 dono,

359 2030 467 2126 hujus
489 2031 632 2102 Ottonis
649 2045 767 2130 pater,
799 2035 886 2102 Otto
909 2031 1075 2103 obtinuit.
1105 2035 1244 2102 Horum
1267 2055 1352 2126 ergo
1370 2029 1442 2101 dis-

359 2146 490 2219 cordiae
503 2147 725 2218 incentivum
737 2147 955 2246 principium
973 2148 1113 2246 Belgica
1126 2147 1202 2218 fuit.
1306 2181 1309 2185 ·

554 2317 685 2369 LXVIII.
697 2347 734 2360 ·-
744 2316 924 2388 Indignatio*
942 2319 1062 2371 Lotharii
1074 2319 1101 2370 in
1114 2319 1249 2372 Ottonem.

362 2547 364 2552 Δ
410 2461 520 2557 Igitur
545 2460 584 2530 in
605 2421 762 2556 Aquensi
782 2458 915 2558 palatio
934 2462 1067 2531 Ottone
1090 2473 1339 2536 commorante
1358 2432 1444 2532 cum

361 2577 515 2675 conjuge
534 2574 732 2673 Teuphanu
757 2575 923 2672 gravida,
953 2576 1141 2648 Lotharius
1167 2576 1267 2648 illum
1294 2578 1443 2677 propius

362 2694 549 2765 accessisse
565 2692 744 2770 acerrime
759 2705 880 2762 motus
900 2691 1163 2789 indignabatur.
1182 2695 1276 2791 Ergo
1290 2699 1443 2765 Franco-

362 2836 446 2881 rum
479 2809 611 2880 ducem
639 2812 831 2904 Hugonem
873 2808 1101 2906 reliquosque
1138 2811 1239 2907 regni
1268 2811 1443 2908 ,primates

363 2926 554 2998 consilium
571 2925 745 3024 petiturus
764 2924 929 2997 Lauduni
949 2925 1102 3023 collegit.
1125 2931 1207 2998 Dux
1223 2928 1343 3024 itaque
1362 2951 1444 3026 pro-

363 3044 478 3115 oessit.
495 3041 634 3139 Reliqui
647 3043 755 3114 etiam
770 3042 900 3140 quibus
914 3069 1059 3140 quoque
1073 3033 1340 3129 consulenduni
1353 3059 1441 3133 erat,

364 3173 447 3231 ante
466 3173 588 3256 regem
613 3175 876 3255 consequenter
907 3159 1053 3231 admissi
1076 3174 1170 3230 sunt.
1201 3160 1340 3248 Quibus
1359 3161 1444 3232 resi·

365 3275 532 3350 dentibus
548 3301 610 3348 rex
626 3275 810 3375 duplicem
830 3276 999 3373 injuriam
1017 3275 1084 3348 sibi
1103 3276 1236 3349 illatam
1254 3303 1330 3350 esse
1349 3303 1446 3350 com·

365 3408 555 3483 memorat,
575 3418 661 3465 cum
674 3394 774 3490 regni
792 3395 847 3465 sui
863 3418 946 3492 pars
961 3393 1006 3466 ab
1020 3393 1124 3470 hoste
1143 3385 1311 3494 usurpata
1324 3396 1441 3487 fuerit,

366 3525 402 3581 et
415 3511 491 3610 ipse
508 3510 622 3582 hostis
644 3509 692 3582 ad
713 3508 803 3581 fines
822 3533 907 3583 suos
926 3513 1354 3604 temerariusaccesserit3
1375 3521 1443 3585 nec

366 3627 494 3723 majori
517 3627 654 3723 injuriae
672 3651 750 3698 esse
773 3628 873 3725 quod
891 3629 1062 3720 tenuerit,
1087 3650 1196 3725 quam
1214 3630 1298 3726 quia
1320 3645 1445 3702 tenens

367 3743 522 3816 adfines
542 3768 627 3815 suos
646 3742 817 3815 accedere
835 3767 910 3814 non
933 3743 1195 3836 formidaverit3
1223 3770 1260 3817 se
1281 3745 1444 3818 etiamid

367 3862 479 3933 multa
508 3860 674 3933 aviditate
700 3861 822 3932 ulcisci
848 3859 958 3953 velle,
989 3863 1019 3932 si
1050 3862 1201 3951 consilio
1236 3888 1303 3935 suo
1335 3863 1446 3937 velint

368 3979 515 4071 cedere,
536 4003 603 4052 nec
625 4003 732 4077 posse
752 4004 790 4052 se
811 3977 857 4050 ab
875 3978 947 4051 hoc
965 3979 1087 4051 animo
1109 3963 1319 4080 temperari,
1345 3981 1375 4052 si
1399 3980 1445 4082 ad

404 4165 421 4200 *
438 4165 465 4216 io
485 4163 550 4214 absc.

406 4250 413 4278 ¹
434 4249 587 4318 plerumque
600 4267 663 4299 corr.
677 4246 845 4317 quandoque.
