3324 5298
350 545 412 604 ‘282
715 541 982 604 almitatem.
1006 539 1062 603 Π.

347 701 428 776 spes
438 673 537 748 nulla
555 673 828 772 relinqueretur,
844 699 929 749 oum
947 699 1046 774 reges
1061 673 1155 774 patri
1172 672 1291 745 adhuc
1304 673 1427 744 animo

347 795 437 864 irato
449 805 661 890 perstarent,
672 807 708 864 et
718 789 828 865 Fulco
842 790 1039 864 insolentiae
1050 790 1189 892 spiritu,
1198 813 1325 890 pacem
1339 788 1428 860 mul·

346 909 499 982 tifariam
515 908 685 983 turbaret.
707 913 752 983 Et
768 924 889 982 tamen
910 909 948 981 in
966 908 1068 981 brevi
1088 909 1259 994 victurus,
1284 905 1427 1003 regibus

346 1024 482 1122 legatos
494 1023 626 1098 celeres
644 1023 752 1116 misit,
772 1025 836 1122 qui
851 1049 920 1124 pro
937 1048 976 1096 se
993 1021 1172 1122 supplices
1195 1022 1353 1094 suasorie
1370 1042 1427 1092 ro-

348 1155 484 1239 garent,
507 1155 543 1213 et
562 1165 630 1240 pro
647 1140 786 1238 injuriis
803 1140 906 1212 illatis
921 1140 1155 1238 justissimam
1179 1139 1187 1175 ¹
1213 1162 1429 1237 recompen-

347 1257 524 1330 sationem
540 1255 773 1356 sponderent.
795 1259 869 1330 Rex
885 1272 1077 1331 veteranus
1096 1253 1277 1327 malorum
1290 1277 1429 1326 correc-

347 1375 485 1446 tionem
507 1373 692 1472 ablegatis
714 1375 879 1474 excipere
904 1373 1048 1465 volens,
1079 1370 1192 1445 afilio
1222 1369 1429 1468 indignante

348 1487 520 1562 inhibitus
538 1504 603 1562 est.
623 1485 727 1564 Unde
745 1505 781 1562 et
803 1490 1002 1588 legatorum
1019 1488 1269 1587 allegationem
1287 1485 1431 1585 penitus

349 1607 494 1705 sprevit,
513 1622 620 1706 atque
643 1607 724 1681 illos
741 1609 920 1680 immunes
936 1607 1054 1688 redire
1075 1606 1204 1704 coegit.
1235 1603 1374 1693 Quibus
1392 1604 1430 1676 in

349 1724 476 1796 itinere
487 1750 628 1798 moram
635 1726 834 1822 agentibus,
849 1741 1042 1824 antequam
1053 1725 1228 1797 redissent
1236 1722 1295 1794 die
1305 1737 1432 1820 quarta

349 1857 440 1912 natae
466 1842 658 1939 synanticae
681 1842 785 1933 facta,
816 1841 900 1915 Odo
926 1840 1126 1913 monachus
1147 1840 1260 1911 factus
1287 1837 1428 1928 defecit,

350 1974 459 2056 atque
471 1960 521 2030 sic
534 1961 615 2030 vitae
632 1957 744 2031 finem
759 1959 904 2050 habuit;
920 1959 968 2030 ad
986 1969 1151 2032 sanctum
1164 1958 1359 2028 Martinum
1374 1955 1433 2026 de·

349 2074 454 2166 latus,
471 2092 507 2147 et
518 2076 556 2148 in
573 2075 657 2147 loco
670 2075 771 2173 quod
781 2075 1166 2171 Majusmonasterium
1184 2072 1328 2163 dicitur,
1348 2097 1432 2146 cum

350 2188 465 2265 multo
483 2218 634 2266 suorum
649 2193 824 2293 obsequio
839 2193 1011 2293 sepultus.

352 2451 437 2505 XCV.
446 2451 651 2508 -Johannesr
662 2467 734 2522 papa
745 2448 887 2505 taonem*
906 2447 1029 2500 abbatem
1043 2446 1095 2499 in*
1111 2444 1238 2507 Gallias*
1257 2445 1338 2500 mittit
1348 2443 1369 2488 *-
1378 2444 1432 2498 ut*

651 2539 755 2597 Amulli
771 2537 990 2594 abdicationem*
1002 2536 1137 2596 dissolvat.

400 2718 467 2786 Per
495 2712 592 2784 idem
622 2726 764 2810 tempus
796 2732 881 2782 cum
911 2734 933 2781 a
960 2712 1224 2780 Germanorum
1256 2707 1434 2807 episcopis

351 2832 490 2932 domno
515 2813 671 2900 iohanni
692 2852 795 2926 papae
817 2852 882 2926 per
900 2826 1068 2928 epistolas
1087 2849 1334 2926 saepenumero
1353 2850 1433 2924 sug·

351 2962 490 3049 gestum
503 2947 607 3035 foret,
622 2960 663 3016 ut
680 2943 843 3017 Gerberti
862 2931 1057 3018 Remorum
1070 2941 1338 3043 metropolitani
1350 2968 1434 3042 pro-

351 3065 552 3140 motionem
573 3062 768 3154 abdicaret,
795 3076 832 3134 et
850 3060 1003 3137 Arnulfi.
1018 3057 1283 3151 abdicationem
1307 3074 1435 3157 praeter

348 3184 407 3280 jus
431 3182 560 3274 factam
581 3181 849 3280 indignaretur,
874 3202 1009 3278 apapa
1026 3178 1064 3252 iu
1090 3177 1323 3250 Germaniam
1348 3191 1434 3249 tunc

352 3301 508 3374 directus
517 3313 574 3372 est
593 3303 666 3370 Leo
684 3285 886 3368 monachus
901 3310 937 3368 et
954 3293 1078 3385 abbas,
1099 3294 1163 3392 qui
1175 3293 1315 3366 vicibus
1333 3317 1435 3392 papae

350 3419 498 3550 potitus,
517 3441 602 3489 cum
618 3414 795 3513 episcopis
811 3413 1012 3487 Germaniae
1028 3427 1137 3512 atque
1154 3409 1351 3483 Galliarum
1368 3408 1436 3482 hu-

348 3535 408 3631 jus
427 3533 569 3646 negotii
582 3546 619 3604 et
638 3529 845 3628 indaginem
866 3529 1010 3621 faceret,
1031 3539 1071 3601 et
1093 3526 1264 3625 juditium
1282 3525 1435 3625 diligens

353 3651 443 3726 inde
452 3650 640 3750 proferret.
660 3649 732 3738 Qui
749 3647 1006 3721 humanissime
1024 3645 1071 3718 ab
1084 3643 1290 3758 episcopis²
1305 3669 1432 3777 excep·

353 3783 423 3854 tus,
452 3769 498 3840 de
522 3766 691 3841 habenda
717 3766 846 3838 sinodo
873 3789 981 3862 super
1006 3764 1079 3836 hoc
1106 3762 1359 3860 negotiosum
1385 3759 1435 3833 eis

353 3884 537 3961 tractabat.
561 3859 737 3994 liquibus
752 3881 939 3952 Gallorum
961 3879 1118 3978 regibus,
1140 3877 1286 3978 Hugoni
1310 3875 1436 3955 videli-

390 4129 406 4164 *
422 4129 576 4193 lohannes,
589 4127 679 4192 Ιιεοιι,
693 4126 722 4178 in
730 4125 798 4192 Gal,
812 4125 843 4177 tit
854 4144 890 4189 u,
903 4121 999 4189 dicati,
1014 4123 1087 4176 solva
1097 4122 1202 4187 abscisa.

390 4216 399 4245 ¹
418 4213 590 4284 aequissimam
602 4230 676 4283 supra
685 4213 770 4283 posito
785 4209 955 4284 justissimam
969 4205 1057 4268 codsa.

389 4301 401 4340 ἓ
416 4305 443 4352 'e.
458 4297 598 4370 germanie
610 4295 726 4350 deletam.
