<?xml version="1.0" encoding="UTF-8"?>
<!DOCTYPE html PUBLIC "-//W3C//DTD XHTML 1.0 Transitional//EN"
    "http://www.w3.org/TR/xhtml1/DTD/xhtml1-transitional.dtd">
<html xmlns="http://www.w3.org/1999/xhtml" xml:lang="en" lang="en">
 <head>
  <title>
</title>
<meta http-equiv="Content-Type" content="text/html;charset=utf-8" />
  <meta name='ocr-system' content='tesseract 3.04.00' />
  <meta name='ocr-capabilities' content='ocr_page ocr_carea ocr_par ocr_line ocrx_word'/>
</head>
<body>
  <div class='ocr_page' id='page_1' title='image "./richerhistoired01parigoog_0322.png"; bbox 0 0 3324 5298; ppageno 0'>
   <div class='ocr_carea' id='block_1_1' title="bbox 380 513 1084 582">
    <p class='ocr_par' dir='ltr' id='par_1_1' title="bbox 380 513 1084 582">
     <span class='ocr_line' id='line_1_1' title="bbox 380 513 1084 582; baseline -0.001 -2"><span class='ocrx_word' id='word_1_1' title='bbox 380 521 441 582; x_wconf 71' lang='lat'><strong>290</strong></span> <span class='ocrx_word' id='word_1_2' title='bbox 746 515 910 578; x_wconf 79' lang='lat' dir='ltr'><strong>lilCllElll</strong></span> <span class='ocrx_word' id='word_1_3' title='bbox 933 513 1008 576; x_wconf 73' lang='grc' dir='ltr'><strong>ΜΒ.</strong></span> <span class='ocrx_word' id='word_1_4' title='bbox 1030 515 1084 580; x_wconf 82' lang='lat' dir='ltr'><strong>IV.</strong></span> 
     </span>
    </p>
   </div>
   <div class='ocr_carea' id='block_1_2' title="bbox 376 646 1452 2624">
    <p class='ocr_par' dir='ltr' id='par_1_2' title="bbox 376 646 1452 2624">
     <span class='ocr_line' id='line_1_2' title="bbox 383 646 1452 747; baseline -0.002 -27"><span class='ocrx_word' id='word_1_5' title='bbox 383 649 517 720; x_wconf 80' lang='lat' dir='ltr'><strong>aleret.</strong></span> <span class='ocrx_word' id='word_1_6' title='bbox 530 677 549 716; x_wconf 87' lang='lat'>»</span> <span class='ocrx_word' id='word_1_7' title='bbox 571 652 678 720; x_wconf 87' lang='lat' dir='ltr'><strong>Hunc</strong></span> <span class='ocrx_word' id='word_1_8' title='bbox 696 671 764 747; x_wconf 89' lang='lat' dir='ltr'><strong>pro</strong></span> <span class='ocrx_word' id='word_1_9' title='bbox 784 646 934 720; x_wconf 90' lang='lat' dir='ltr'><strong>domino</strong></span> <span class='ocrx_word' id='word_1_10' title='bbox 955 670 1020 718; x_wconf 90' lang='lat' dir='ltr'><strong>suo</strong></span> <span class='ocrx_word' id='word_1_11' title='bbox 1039 646 1274 718; x_wconf 80' lang='lat' dir='ltr'><strong>insanientem</strong></span> <span class='ocrx_word' id='word_1_12' title='bbox 1293 660 1328 717; x_wconf 92' lang='lat' dir='ltr'><strong>et</strong></span> <span class='ocrx_word' id='word_1_13' title='bbox 1347 646 1452 718; x_wconf 86' lang='lat' dir='ltr'><strong>fervi·</strong></span> 
     </span>
     <span class='ocr_line' id='line_1_3' title="bbox 377 762 1450 860; baseline -0.003 -22"><span class='ocrx_word' id='word_1_14' title='bbox 377 767 485 853; x_wconf 94' lang='lat' dir='ltr'><strong>dum,</strong></span> <span class='ocrx_word' id='word_1_15' title='bbox 513 765 707 838; x_wconf 88' lang='lat' dir='ltr'><strong>Landricus</strong></span> <span class='ocrx_word' id='word_1_16' title='bbox 733 789 855 837; x_wconf 86' lang='lat' dir='ltr'><strong>comes</strong></span> <span class='ocrx_word' id='word_1_17' title='bbox 883 764 932 836; x_wconf 91' lang='lat' dir='ltr'><strong>sic</strong></span> <span class='ocrx_word' id='word_1_18' title='bbox 959 762 1183 860; x_wconf 86' lang='lat' dir='ltr'><strong>alloquitur:</strong></span> <span class='ocrx_word' id='word_1_19' title='bbox 1211 791 1229 830; x_wconf 90' lang='lat'>«</span> <span class='ocrx_word' id='word_1_20' title='bbox 1257 765 1290 834; x_wconf 96' lang='grc' dir='ltr'><strong>Ο</strong></span> <span class='ocrx_word' id='word_1_21' title='bbox 1314 763 1450 860; x_wconf 89' lang='lat' dir='ltr'><strong>optime</strong></span> 
     </span>
     <span class='ocr_line' id='line_1_4' title="bbox 382 878 1446 976; baseline -0.001 -26"><span class='ocrx_word' id='word_1_22' title='bbox 382 912 400 952; x_wconf 75' lang='lat' dir='ltr'><strong>a</strong></span> <span class='ocrx_word' id='word_1_23' title='bbox 420 883 537 969; x_wconf 75' lang='lat' dir='ltr'><strong>mileS,</strong></span> <span class='ocrx_word' id='word_1_24' title='bbox 552 883 681 954; x_wconf 83' lang='lat' dir='ltr'><strong>herum</strong></span> <span class='ocrx_word' id='word_1_25' title='bbox 704 895 744 952; x_wconf 93' lang='lat' dir='ltr'><strong>ut</strong></span> <span class='ocrx_word' id='word_1_26' title='bbox 756 880 862 952; x_wconf 83' lang='lat' dir='ltr'><strong>video</strong></span> <span class='ocrx_word' id='word_1_27' title='bbox 880 879 1057 950; x_wconf 74' lang='lat' dir='ltr'><strong>fraudium</strong></span> <span class='ocrx_word' id='word_1_28' title='bbox 1078 878 1220 976; x_wconf 89' lang='lat' dir='ltr'><strong>penitus</strong></span> <span class='ocrx_word' id='word_1_29' title='bbox 1237 901 1275 949; x_wconf 87' lang='lat' dir='ltr'><strong>es</strong></span> <span class='ocrx_word' id='word_1_30' title='bbox 1291 879 1446 975; x_wconf 78' lang='lat' dir='ltr'><strong>ignarus.</strong></span> 
     </span>
     <span class='ocr_line' id='line_1_5' title="bbox 381 993 1449 1094; baseline 0.003 -27"><span class='ocrx_word' id='word_1_31' title='bbox 381 1031 398 1068; x_wconf 73' lang='lat' dir='ltr'><strong>a</strong></span> <span class='ocrx_word' id='word_1_32' title='bbox 421 1004 520 1090; x_wconf 75' lang='lat' dir='ltr'><strong>Quae,</strong></span> <span class='ocrx_word' id='word_1_33' title='bbox 541 999 623 1070; x_wconf 88' lang='lat' dir='ltr'><strong>licet</strong></span> <span class='ocrx_word' id='word_1_34' title='bbox 640 1014 675 1070; x_wconf 90' lang='lat' dir='ltr'><strong>te</strong></span> <span class='ocrx_word' id='word_1_35' title='bbox 692 997 896 1094; x_wconf 78' lang='lat' dir='ltr'><strong>ignorante,</strong></span> <span class='ocrx_word' id='word_1_36' title='bbox 918 1010 1037 1067; x_wconf 90' lang='lat' dir='ltr'><strong>tamen</strong></span> <span class='ocrx_word' id='word_1_37' title='bbox 1051 1009 1091 1065; x_wconf 93' lang='lat' dir='ltr'><strong>ut</strong></span> <span class='ocrx_word' id='word_1_38' title='bbox 1108 993 1344 1092; x_wconf 70' lang='lat' dir='ltr'><strong>praedicantur</strong></span> <span class='ocrx_word' id='word_1_39' title='bbox 1355 1021 1449 1094; x_wconf 85' lang='lat' dir='ltr'><strong>quae·</strong></span> 
     </span>
     <span class='ocr_line' id='line_1_6' title="bbox 380 1111 1449 1211; baseline 0.003 -28"><span class='ocrx_word' id='word_1_40' title='bbox 380 1147 397 1183; x_wconf 78' lang='lat' dir='ltr'><strong>u</strong></span> <span class='ocrx_word' id='word_1_41' title='bbox 419 1117 491 1188; x_wconf 87' lang='lat' dir='ltr'><strong>sitae</strong></span> <span class='ocrx_word' id='word_1_42' title='bbox 514 1131 609 1188; x_wconf 90' lang='lat' dir='ltr'><strong>sunt.</strong></span> <span class='ocrx_word' id='word_1_43' title='bbox 628 1113 732 1186; x_wconf 88' lang='lat' dir='ltr'><strong>Unde</strong></span> <span class='ocrx_word' id='word_1_44' title='bbox 748 1128 785 1184; x_wconf 89' lang='lat' dir='ltr'><strong>et</strong></span> <span class='ocrx_word' id='word_1_45' title='bbox 805 1127 964 1211; x_wconf 86' lang='lat' dir='ltr'><strong>tempera</strong></span> <span class='ocrx_word' id='word_1_46' title='bbox 989 1111 1166 1202; x_wconf 79' lang='lat' dir='ltr'><strong>anbnum,</strong></span> <span class='ocrx_word' id='word_1_47' title='bbox 1178 1111 1313 1209; x_wconf 84' lang='lat' dir='ltr'><strong>mitiga</strong></span> <span class='ocrx_word' id='word_1_48' title='bbox 1335 1113 1449 1186; x_wconf 89' lang='lat' dir='ltr'><strong>fervo-</strong></span> 
     </span>
     <span class='ocr_line' id='line_1_7' title="bbox 380 1233 1450 1333; baseline 0.004 -29"><span class='ocrx_word' id='word_1_49' title='bbox 380 1267 398 1304; x_wconf 75' lang='grc' dir='ltr'><strong>ιι</strong></span> <span class='ocrx_word' id='word_1_50' title='bbox 419 1263 515 1320; x_wconf 86' lang='lat' dir='ltr'><strong>rem;</strong></span> <span class='ocrx_word' id='word_1_51' title='bbox 535 1237 619 1309; x_wconf 87' lang='lat' dir='ltr'><strong>belli</strong></span> <span class='ocrx_word' id='word_1_52' title='bbox 642 1236 886 1308; x_wconf 89' lang='lat' dir='ltr'><strong>necessitatem</strong></span> <span class='ocrx_word' id='word_1_53' title='bbox 916 1257 992 1305; x_wconf 90' lang='lat' dir='ltr'><strong>non</strong></span> <span class='ocrx_word' id='word_1_54' title='bbox 1020 1233 1084 1305; x_wconf 87' lang='lat' dir='ltr'><strong>tibi</strong></span> <span class='ocrx_word' id='word_1_55' title='bbox 1112 1234 1293 1333; x_wconf 87' lang='lat' dir='ltr'><strong>imponas;</strong></span> <span class='ocrx_word' id='word_1_56' title='bbox 1314 1258 1388 1307; x_wconf 89' lang='lat' dir='ltr'><strong>non</strong></span> <span class='ocrx_word' id='word_1_57' title='bbox 1413 1251 1450 1308; x_wconf 91' lang='lat' dir='ltr'><strong>te</strong></span> 
     </span>
     <span class='ocr_line' id='line_1_8' title="bbox 380 1349 1450 1453; baseline 0.004 -32"><span class='ocrx_word' id='word_1_58' title='bbox 380 1353 599 1453; x_wconf 74' lang='lat' dir='ltr'><strong>«impellas,</strong></span> <span class='ocrx_word' id='word_1_59' title='bbox 624 1351 723 1423; x_wconf 90' lang='lat' dir='ltr'><strong>unde</strong></span> <span class='ocrx_word' id='word_1_60' title='bbox 749 1352 927 1450; x_wconf 85' lang='lat' dir='ltr'><strong>ingressus</strong></span> <span class='ocrx_word' id='word_1_61' title='bbox 958 1349 1074 1421; x_wconf 87' lang='lat' dir='ltr'><strong>redire</strong></span> <span class='ocrx_word' id='word_1_62' title='bbox 1104 1373 1179 1420; x_wconf 91' lang='lat' dir='ltr'><strong>non</strong></span> <span class='ocrx_word' id='word_1_63' title='bbox 1207 1351 1358 1447; x_wconf 90' lang='lat' dir='ltr'><strong>poteris;</strong></span> <span class='ocrx_word' id='word_1_64' title='bbox 1386 1353 1450 1425; x_wconf 89' lang='lat' dir='ltr'><strong>sed</strong></span> 
     </span>
     <span class='ocr_line' id='line_1_9' title="bbox 379 1463 1450 1563; baseline 0.006 -28"><span class='ocrx_word' id='word_1_65' title='bbox 379 1500 396 1536; x_wconf 75' lang='lat' dir='ltr'><strong>a</strong></span> <span class='ocrx_word' id='word_1_66' title='bbox 418 1494 515 1541; x_wconf 91' lang='lat' dir='ltr'><strong>nunc</strong></span> <span class='ocrx_word' id='word_1_67' title='bbox 533 1492 614 1539; x_wconf 87' lang='lat' dir='ltr'><strong>meo</strong></span> <span class='ocrx_word' id='word_1_68' title='bbox 633 1492 718 1538; x_wconf 90' lang='lat' dir='ltr'><strong>usus</strong></span> <span class='ocrx_word' id='word_1_69' title='bbox 734 1466 901 1556; x_wconf 91' lang='lat' dir='ltr'><strong>consilio,</strong></span> <span class='ocrx_word' id='word_1_70' title='bbox 917 1464 1101 1563; x_wconf 88' lang='lat' dir='ltr'><strong>paululum</strong></span> <span class='ocrx_word' id='word_1_71' title='bbox 1118 1463 1205 1537; x_wconf 91' lang='lat' dir='ltr'><strong>hinc</strong></span> <span class='ocrx_word' id='word_1_72' title='bbox 1221 1467 1363 1558; x_wconf 90' lang='lat' dir='ltr'><strong>secede;</strong></span> <span class='ocrx_word' id='word_1_73' title='bbox 1384 1468 1450 1541; x_wconf 89' lang='lat' dir='ltr'><strong>do-</strong></span> 
     </span>
     <span class='ocr_line' id='line_1_10' title="bbox 378 1581 1449 1683; baseline 0.004 -30"><span class='ocrx_word' id='word_1_74' title='bbox 378 1616 396 1654; x_wconf 85' lang='lat'>«</span> <span class='ocrx_word' id='word_1_75' title='bbox 418 1587 628 1683; x_wconf 91' lang='lat' dir='ltr'><strong>minumque</strong></span> <span class='ocrx_word' id='word_1_76' title='bbox 650 1599 752 1656; x_wconf 92' lang='lat' dir='ltr'><strong>tuum</strong></span> <span class='ocrx_word' id='word_1_77' title='bbox 775 1583 820 1654; x_wconf 89' lang='lat' dir='ltr'><strong>de</strong></span> <span class='ocrx_word' id='word_1_78' title='bbox 840 1583 899 1654; x_wconf 89' lang='lat' dir='ltr'><strong>bis</strong></span> <span class='ocrx_word' id='word_1_79' title='bbox 919 1607 965 1653; x_wconf 89' lang='lat' dir='ltr'><strong>an</strong></span> <span class='ocrx_word' id='word_1_80' title='bbox 987 1606 1071 1654; x_wconf 87' lang='lat' dir='ltr'><strong>vera</strong></span> <span class='ocrx_word' id='word_1_81' title='bbox 1092 1581 1180 1671; x_wconf 92' lang='lat' dir='ltr'><strong>sint,</strong></span> <span class='ocrx_word' id='word_1_82' title='bbox 1204 1583 1393 1682; x_wconf 87' lang='lat' dir='ltr'><strong>interroga.</strong></span> <span class='ocrx_word' id='word_1_83' title='bbox 1412 1588 1449 1657; x_wconf 89' lang='lat' dir='ltr'><strong>Si</strong></span> 
     </span>
     <span class='ocr_line' id='line_1_11' title="bbox 379 1695 1448 1801; baseline 0.004 -31"><span class='ocrx_word' id='word_1_84' title='bbox 379 1733 396 1770; x_wconf 74' lang='lat' dir='ltr'><strong>a</strong></span> <span class='ocrx_word' id='word_1_85' title='bbox 420 1718 453 1775; x_wconf 88' lang='lat' dir='ltr'><strong>te</strong></span> <span class='ocrx_word' id='word_1_86' title='bbox 478 1703 525 1774; x_wconf 87' lang='lat' dir='ltr'><strong>ad</strong></span> <span class='ocrx_word' id='word_1_87' title='bbox 552 1727 710 1801; x_wconf 85' lang='lat' dir='ltr'><strong>pugnam</strong></span> <span class='ocrx_word' id='word_1_88' title='bbox 736 1699 919 1790; x_wconf 91' lang='lat' dir='ltr'><strong>hortatur,</strong></span> <span class='ocrx_word' id='word_1_89' title='bbox 946 1695 1181 1798; x_wconf 82' lang='lat' dir='ltr'><strong>congredere3</strong></span> <span class='ocrx_word' id='word_1_90' title='bbox 1209 1699 1238 1769; x_wconf 91' lang='lat' dir='ltr'><strong>si</strong></span> <span class='ocrx_word' id='word_1_91' title='bbox 1263 1699 1349 1772; x_wconf 92' lang='lat' dir='ltr'><strong>dicit</strong></span> <span class='ocrx_word' id='word_1_92' title='bbox 1372 1727 1448 1774; x_wconf 86' lang='lat' dir='ltr'><strong>ces·</strong></span> 
     </span>
     <span class='ocr_line' id='line_1_12' title="bbox 379 1813 1449 1918; baseline 0.004 -32"><span class='ocrx_word' id='word_1_93' title='bbox 379 1848 397 1888; x_wconf 77' lang='lat' dir='ltr'><strong>a</strong></span> <span class='ocrx_word' id='word_1_94' title='bbox 418 1817 588 1909; x_wconf 82' lang='lat' dir='ltr'><strong>sendum,</strong></span> <span class='ocrx_word' id='word_1_95' title='bbox 610 1817 721 1890; x_wconf 84' lang='lat' dir='ltr'><strong>furori</strong></span> <span class='ocrx_word' id='word_1_96' title='bbox 737 1840 857 1914; x_wconf 90' lang='lat' dir='ltr'><strong>parce.</strong></span> <span class='ocrx_word' id='word_1_97' title='bbox 876 1844 894 1882; x_wconf 80' lang='lat' dir='ltr'><strong>u</strong></span> <span class='ocrx_word' id='word_1_98' title='bbox 911 1815 1059 1886; x_wconf 89' lang='lat' dir='ltr'><strong>Secessit</strong></span> <span class='ocrx_word' id='word_1_99' title='bbox 1075 1838 1171 1910; x_wconf 82' lang='lat' dir='ltr'><strong>erge,</strong></span> <span class='ocrx_word' id='word_1_100' title='bbox 1188 1813 1449 1918; x_wconf 89' lang='lat' dir='ltr'><strong>dominumque</strong></span> 
     </span>
     <span class='ocr_line' id='line_1_13' title="bbox 376 1931 1445 2032; baseline -0.002 -26"><span class='ocrx_word' id='word_1_101' title='bbox 376 1950 543 2006; x_wconf 85' lang='lat' dir='ltr'><strong>vocatum</strong></span> <span class='ocrx_word' id='word_1_102' title='bbox 573 1958 619 2006; x_wconf 91' lang='lat' dir='ltr'><strong>an</strong></span> <span class='ocrx_word' id='word_1_103' title='bbox 648 1934 699 2004; x_wconf 92' lang='lat' dir='ltr'><strong>sic</strong></span> <span class='ocrx_word' id='word_1_104' title='bbox 716 1958 774 2005; x_wconf 87' lang='lat' dir='ltr'><strong>res</strong></span> <span class='ocrx_word' id='word_1_105' title='bbox 798 1931 973 2003; x_wconf 84' lang='lat' dir='ltr'><strong>habeatur</strong></span> <span class='ocrx_word' id='word_1_106' title='bbox 997 1933 1201 2026; x_wconf 86' lang='lat' dir='ltr'><strong>interrogat.</strong></span> <span class='ocrx_word' id='word_1_107' title='bbox 1230 1933 1445 2032; x_wconf 84' lang='lat' dir='ltr'><strong>Episcopus,</strong></span> 
     </span>
     <span class='ocr_line' id='line_1_14' title="bbox 376 2050 1450 2149; baseline 0.002 -26"><span class='ocrx_word' id='word_1_108' title='bbox 376 2066 500 2149; x_wconf 89' lang='lat' dir='ltr'><strong>utpote</strong></span> <span class='ocrx_word' id='word_1_109' title='bbox 514 2076 535 2122; x_wconf 91' lang='lat' dir='ltr'><strong>a</strong></span> <span class='ocrx_word' id='word_1_110' title='bbox 551 2051 695 2122; x_wconf 91' lang='lat' dir='ltr'><strong>conscio</strong></span> <span class='ocrx_word' id='word_1_111' title='bbox 710 2050 911 2139; x_wconf 85' lang='lat' dir='ltr'><strong>convictus,</strong></span> <span class='ocrx_word' id='word_1_112' title='bbox 925 2073 1002 2126; x_wconf 86' lang='lat' dir='ltr'><strong>rem</strong></span> <span class='ocrx_word' id='word_1_113' title='bbox 1021 2051 1069 2124; x_wconf 89' lang='lat' dir='ltr'><strong>ita</strong></span> <span class='ocrx_word' id='word_1_114' title='bbox 1087 2076 1163 2124; x_wconf 87' lang='lat' dir='ltr'><strong>esse</strong></span> <span class='ocrx_word' id='word_1_115' title='bbox 1178 2051 1350 2148; x_wconf 88' lang='lat' dir='ltr'><strong>quaerenti</strong></span> <span class='ocrx_word' id='word_1_116' title='bbox 1362 2076 1450 2126; x_wconf 91' lang='lat' dir='ltr'><strong>con·</strong></span> 
     </span>
     <span class='ocr_line' id='line_1_15' title="bbox 376 2169 1448 2270; baseline 0 -26"><span class='ocrx_word' id='word_1_117' title='bbox 376 2173 486 2246; x_wconf 83' lang='lat' dir='ltr'><strong>lessus</strong></span> <span class='ocrx_word' id='word_1_118' title='bbox 510 2186 580 2264; x_wconf 83' lang='lat' dir='ltr'><strong>est3</strong></span> <span class='ocrx_word' id='word_1_119' title='bbox 607 2169 761 2244; x_wconf 91' lang='lat' dir='ltr'><strong>undeet</strong></span> <span class='ocrx_word' id='word_1_120' title='bbox 784 2194 942 2268; x_wconf 81' lang='lat' dir='ltr'><strong>pugnam</strong></span> <span class='ocrx_word' id='word_1_121' title='bbox 968 2170 1135 2244; x_wconf 88' lang='lat' dir='ltr'><strong>inhibuit.</strong></span> <span class='ocrx_word' id='word_1_122' title='bbox 1167 2171 1297 2245; x_wconf 88' lang='lat' dir='ltr'><strong>Sedato</strong></span> <span class='ocrx_word' id='word_1_123' title='bbox 1328 2173 1448 2270; x_wconf 80' lang='lat' dir='ltr'><strong>itaque</strong></span> 
     </span>
     <span class='ocr_line' id='line_1_16' title="bbox 378 2285 1449 2384; baseline 0 -24"><span class='ocrx_word' id='word_1_124' title='bbox 378 2303 476 2360; x_wconf 86' lang='lat' dir='ltr'><strong>tanto</strong></span> <span class='ocrx_word' id='word_1_125' title='bbox 505 2288 643 2360; x_wconf 82' lang='lat' dir='ltr'><strong>fervore</strong></span> <span class='ocrx_word' id='word_1_126' title='bbox 668 2285 806 2376; x_wconf 86' lang='lat' dir='ltr'><strong>militis,</strong></span> <span class='ocrx_word' id='word_1_127' title='bbox 831 2309 888 2358; x_wconf 86' lang='lat' dir='ltr'><strong>res</strong></span> <span class='ocrx_word' id='word_1_128' title='bbox 915 2287 1057 2384; x_wconf 89' lang='lat' dir='ltr'><strong>penitus</strong></span> <span class='ocrx_word' id='word_1_129' title='bbox 1083 2288 1249 2360; x_wconf 90' lang='lat' dir='ltr'><strong>innotuit.</strong></span> <span class='ocrx_word' id='word_1_130' title='bbox 1276 2292 1449 2361; x_wconf 88' lang='lat' dir='ltr'><strong>Detentus</strong></span> 
     </span>
     <span class='ocr_line' id='line_1_17' title="bbox 376 2407 1443 2507; baseline -0.002 -23"><span class='ocrx_word' id='word_1_131' title='bbox 376 2435 461 2507; x_wconf 86' lang='lat' dir='ltr'><strong>ergo</strong></span> <span class='ocrx_word' id='word_1_132' title='bbox 483 2435 608 2507; x_wconf 86' lang='lat' dir='ltr'><strong>regum</strong></span> <span class='ocrx_word' id='word_1_133' title='bbox 622 2409 744 2506; x_wconf 86' lang='lat' dir='ltr'><strong>jussu,</strong></span> <span class='ocrx_word' id='word_1_134' title='bbox 767 2423 892 2506; x_wconf 84' lang='lat' dir='ltr'><strong>utpote</strong></span> <span class='ocrx_word' id='word_1_135' title='bbox 920 2407 1082 2481; x_wconf 90' lang='lat' dir='ltr'><strong>desertor</strong></span> <span class='ocrx_word' id='word_1_136' title='bbox 1100 2409 1308 2482; x_wconf 89' lang='lat' dir='ltr'><strong>custodibus</strong></span> <span class='ocrx_word' id='word_1_137' title='bbox 1326 2410 1443 2483; x_wconf 89' lang='lat' dir='ltr'><strong>datur.</strong></span> 
     </span>
     <span class='ocr_line' id='line_1_18' title="bbox 376 2499 1376 2624; baseline -0.002 -24"><span class='ocrx_word' id='word_1_138' title='bbox 376 2529 486 2624; x_wconf 89' lang='lat' dir='ltr'><strong>Cujus</strong></span> <span class='ocrx_word' id='word_1_139' title='bbox 497 2526 625 2599; x_wconf 90' lang='lat' dir='ltr'><strong>milites</strong></span> <span class='ocrx_word' id='word_1_140' title='bbox 642 2551 728 2598; x_wconf 83' lang='lat' dir='ltr'><strong>mox</strong></span> <span class='ocrx_word' id='word_1_141' title='bbox 743 2524 886 2623; x_wconf 82' lang='lat' dir='ltr'><strong>regibus</strong></span> <span class='ocrx_word' id='word_1_142' title='bbox 898 2541 1121 2598; x_wconf 82' lang='lat' dir='ltr'><strong>sacramento</strong></span> <span class='ocrx_word' id='word_1_143' title='bbox 1139 2499 1269 2624; x_wconf 80' lang='lat' dir='ltr'><strong>illigati</strong></span> <span class='ocrx_word' id='word_1_144' title='bbox 1280 2542 1376 2600; x_wconf 89' lang='lat' dir='ltr'><strong>sunt.</strong></span> 
     </span>
    </p>
   </div>
   <div class='ocr_carea' id='block_1_3' title="bbox 492 2761 1326 2836">
    <p class='ocr_par' dir='ltr' id='par_1_3' title="bbox 492 2761 1326 2836">
     <span class='ocr_line' id='line_1_19' title="bbox 492 2761 1326 2836; baseline 0.004 -19"><span class='ocrx_word' id='word_1_145' title='bbox 492 2764 591 2817; x_wconf 76' lang='lat' dir='ltr'><strong>xutx.</strong></span> <span class='ocrx_word' id='word_1_146' title='bbox 603 2793 641 2804; x_wconf 90' lang='lat'><em>-</em></span> <span class='ocrx_word' id='word_1_147' title='bbox 651 2761 775 2836; x_wconf 87' lang='lat' dir='ltr'><strong>Synodus</strong></span> <span class='ocrx_word' id='word_1_148' title='bbox 787 2781 846 2832; x_wconf 77' lang='lat' dir='ltr'><strong>qun</strong></span> <span class='ocrx_word' id='word_1_149' title='bbox 858 2781 909 2834; x_wconf 88' lang='lat' dir='ltr'><strong>pro</strong></span> <span class='ocrx_word' id='word_1_150' title='bbox 921 2763 1034 2816; x_wconf 69' lang='lat' dir='ltr'><strong>multo</strong></span> <span class='ocrx_word' id='word_1_151' title='bbox 1048 2764 1164 2818; x_wconf 82' lang='lat' dir='ltr'><strong>Mosomi</strong></span> <span class='ocrx_word' id='word_1_152' title='bbox 1178 2765 1269 2820; x_wconf 75' lang='lat' dir='ltr'><strong>habita</strong></span> <span class='ocrx_word' id='word_1_153' title='bbox 1279 2780 1326 2820; x_wconf 82' lang='lat' dir='ltr'><strong>est.</strong></span> 
     </span>
    </p>
   </div>
   <div class='ocr_carea' id='block_1_4' title="bbox 372 2919 1447 4090">
    <p class='ocr_par' dir='ltr' id='par_1_4' title="bbox 372 2919 1447 4090">
     <span class='ocr_line' id='line_1_20' title="bbox 423 2919 1447 3041; baseline 0.007 -34"><span class='ocrx_word' id='word_1_154' title='bbox 423 2941 520 3007; x_wconf 90' lang='lat' dir='ltr'><strong>Dum</strong></span> <span class='ocrx_word' id='word_1_155' title='bbox 541 2919 617 3008; x_wconf 66' lang='lat' dir='ltr'><strong>hr&#39;ec&#39;</strong></span> <span class='ocrx_word' id='word_1_156' title='bbox 637 2937 873 3033; x_wconf 57' lang='lat' dir='ltr'><strong>agerenturf,</strong></span> <span class='ocrx_word' id='word_1_157' title='bbox 897 2962 980 3009; x_wconf 93' lang='lat' dir='ltr'><strong>cum</strong></span> <span class='ocrx_word' id='word_1_158' title='bbox 1004 2937 1198 3010; x_wconf 82' lang='lat' dir='ltr'><strong>Galliarum</strong></span> <span class='ocrx_word' id='word_1_159' title='bbox 1220 2941 1377 3041; x_wconf 88' lang='lat' dir='ltr'><strong>episcopi</strong></span> <span class='ocrx_word' id='word_1_160' title='bbox 1401 2943 1447 3014; x_wconf 93' lang='lat' dir='ltr'><strong>ab</strong></span> 
     </span>
     <span class='ocr_line' id='line_1_21' title="bbox 375 3049 1446 3152; baseline 0.007 -30"><span class='ocrx_word' id='word_1_161' title='bbox 375 3049 516 3148; x_wconf 84' lang='lat' dir='ltr'><strong>regibus</strong></span> <span class='ocrx_word' id='word_1_162' title='bbox 534 3049 707 3149; x_wconf 88' lang='lat' dir='ltr'><strong>prohibiti</strong></span> <span class='ocrx_word' id='word_1_163' title='bbox 732 3067 849 3123; x_wconf 83' lang='lat' dir='ltr'><strong>essent</strong></span> <span class='ocrx_word' id='word_1_164' title='bbox 868 3067 908 3152; x_wconf 89' lang='lat' dir='ltr'><strong>ut</strong></span> <span class='ocrx_word' id='word_1_165' title='bbox 925 3050 973 3124; x_wconf 86' lang='lat' dir='ltr'><strong>ad</strong></span> <span class='ocrx_word' id='word_1_166' title='bbox 990 3051 1160 3125; x_wconf 89' lang='lat' dir='ltr'><strong>sinodum</strong></span> <span class='ocrx_word' id='word_1_167' title='bbox 1182 3069 1348 3128; x_wconf 85' lang='lat' dir='ltr'><strong>statutam</strong></span> <span class='ocrx_word' id='word_1_168' title='bbox 1372 3083 1446 3132; x_wconf 92' lang='lat' dir='ltr'><strong>non</strong></span> 
     </span>
     <span class='ocr_line' id='line_1_22' title="bbox 375 3167 1445 3271; baseline 0.008 -33"><span class='ocrx_word' id='word_1_169' title='bbox 375 3168 572 3256; x_wconf 86' lang='lat' dir='ltr'><strong>venissent,</strong></span> <span class='ocrx_word' id='word_1_170' title='bbox 598 3167 757 3264; x_wconf 89' lang='lat' dir='ltr'><strong>episcopi</strong></span> <span class='ocrx_word' id='word_1_171' title='bbox 782 3181 902 3240; x_wconf 88' lang='lat' dir='ltr'><strong>tamen</strong></span> <span class='ocrx_word' id='word_1_172' title='bbox 925 3170 1124 3241; x_wconf 84' lang='lat' dir='ltr'><strong>Gennaniae</strong></span> <span class='ocrx_word' id='word_1_173' title='bbox 1150 3195 1196 3241; x_wconf 90' lang='lat' dir='ltr'><strong>ne</strong></span> <span class='ocrx_word' id='word_1_174' title='bbox 1220 3171 1294 3242; x_wconf 92' lang='lat' dir='ltr'><strong>doli</strong></span> <span class='ocrx_word' id='word_1_175' title='bbox 1322 3198 1445 3271; x_wconf 84' lang='lat' dir='ltr'><strong>argue-</strong></span> 
     </span>
     <span class='ocr_line' id='line_1_23' title="bbox 374 3280 1445 3384; baseline 0.008 -30"><span class='ocrx_word' id='word_1_176' title='bbox 374 3298 498 3355; x_wconf 89' lang='lat' dir='ltr'><strong>rentur</strong></span> <span class='ocrx_word' id='word_1_177' title='bbox 516 3283 634 3354; x_wconf 89' lang='lat' dir='ltr'><strong>sinon</strong></span> <span class='ocrx_word' id='word_1_178' title='bbox 655 3280 889 3373; x_wconf 83' lang='lat' dir='ltr'><strong>accederent,</strong></span> <span class='ocrx_word' id='word_1_179' title='bbox 908 3297 1038 3354; x_wconf 89' lang='lat' dir='ltr'><strong>statuto</strong></span> <span class='ocrx_word' id='word_1_180' title='bbox 1060 3299 1221 3384; x_wconf 88' lang='lat' dir='ltr'><strong>tempore</strong></span> <span class='ocrx_word' id='word_1_181' title='bbox 1245 3292 1445 3364; x_wconf 89' lang='lat' dir='ltr'><strong>Mosomum</strong></span> 
     </span>
     <span class='ocr_line' id='line_1_24' title="bbox 375 3397 1441 3496; baseline 0.008 -25"><span class='ocrx_word' id='word_1_182' title='bbox 375 3400 613 3489; x_wconf 87' lang='lat' dir='ltr'><strong>conveniunt,</strong></span> <span class='ocrx_word' id='word_1_183' title='bbox 643 3397 770 3469; x_wconf 90' lang='lat' dir='ltr'><strong>domni</strong></span> <span class='ocrx_word' id='word_1_184' title='bbox 793 3421 894 3496; x_wconf 74' lang='lat' dir='ltr'><strong>papae</strong></span> <span class='ocrx_word' id='word_1_185' title='bbox 920 3397 1075 3494; x_wconf 84' lang='lat' dir='ltr'><strong>legatum</strong></span> <span class='ocrx_word' id='word_1_186' title='bbox 1106 3425 1229 3472; x_wconf 88' lang='lat' dir='ltr'><strong>seeum</strong></span> <span class='ocrx_word' id='word_1_187' title='bbox 1258 3403 1441 3478; x_wconf 85' lang='lat' dir='ltr'><strong>habentes.</strong></span> 
     </span>
     <span class='ocr_line' id='line_1_25' title="bbox 374 3513 1445 3614; baseline 0.007 -26"><span class='ocrx_word' id='word_1_188' title='bbox 374 3515 521 3588; x_wconf 89' lang='lat' dir='ltr'><strong>Collecti</strong></span> <span class='ocrx_word' id='word_1_189' title='bbox 541 3540 627 3614; x_wconf 85' lang='lat' dir='ltr'><strong>ergo</strong></span> <span class='ocrx_word' id='word_1_190' title='bbox 648 3516 687 3586; x_wconf 93' lang='lat' dir='ltr'><strong>in</strong></span> <span class='ocrx_word' id='word_1_191' title='bbox 715 3513 860 3587; x_wconf 86' lang='lat' dir='ltr'><strong>basilica</strong></span> <span class='ocrx_word' id='word_1_192' title='bbox 884 3530 1013 3587; x_wconf 87' lang='lat' dir='ltr'><strong>sanctae</strong></span> <span class='ocrx_word' id='word_1_193' title='bbox 1034 3517 1101 3588; x_wconf 90' lang='lat' dir='ltr'><strong>Dei</strong></span> <span class='ocrx_word' id='word_1_194' title='bbox 1126 3519 1303 3614; x_wconf 86' lang='lat' dir='ltr'><strong>genitricis</strong></span> <span class='ocrx_word' id='word_1_195' title='bbox 1329 3525 1445 3595; x_wconf 86' lang='lat' dir='ltr'><strong>Mariae</strong></span> 
     </span>
     <span class='ocr_line' id='line_1_26' title="bbox 374 3631 1447 3726; baseline 0.007 -22"><span class='ocrx_word' id='word_1_196' title='bbox 374 3632 568 3704; x_wconf 85' lang='lat' dir='ltr'><strong>ordinatim</strong></span> <span class='ocrx_word' id='word_1_197' title='bbox 589 3657 691 3705; x_wconf 88' lang='lat' dir='ltr'><strong>more</strong></span> <span class='ocrx_word' id='word_1_198' title='bbox 718 3631 954 3704; x_wconf 85' lang='lat' dir='ltr'><strong>ecclesiastico</strong></span> <span class='ocrx_word' id='word_1_199' title='bbox 973 3632 1189 3726; x_wconf 88' lang='lat' dir='ltr'><strong>consedere,</strong></span> <span class='ocrx_word' id='word_1_200' title='bbox 1216 3637 1349 3711; x_wconf 91' lang='lat' dir='ltr'><strong>scilicet</strong></span> <span class='ocrx_word' id='word_1_201' title='bbox 1382 3643 1447 3711; x_wconf 88' lang='lat' dir='ltr'><strong>Su·</strong></span> 
     </span>
     <span class='ocr_line' id='line_1_27' title="bbox 374 3747 1445 3848; baseline 0.008 -28"><span class='ocrx_word' id='word_1_202' title='bbox 374 3773 477 3845; x_wconf 78' lang='lat' dir='ltr'><strong>genus</strong></span> <span class='ocrx_word' id='word_1_203' title='bbox 495 3747 893 3846; x_wconf 86' lang='lat' dir='ltr'><strong>Mimagardvurdensis,</strong></span> <span class='ocrx_word' id='word_1_204' title='bbox 913 3748 1105 3821; x_wconf 87' lang='lat' dir='ltr'><strong>Leodulsus</strong></span> <span class='ocrx_word' id='word_1_205' title='bbox 1121 3755 1356 3848; x_wconf 89' lang='lat' dir='ltr'><strong>Treverensis,</strong></span> <span class='ocrx_word' id='word_1_206' title='bbox 1378 3761 1445 3828; x_wconf 88' lang='lat' dir='ltr'><strong>No·</strong></span> 
     </span>
     <span class='ocr_line' id='line_1_28' title="bbox 372 3853 1443 3953; baseline 0.011 -20"><span class='ocrx_word' id='word_1_207' title='bbox 372 3863 500 3935; x_wconf 84' lang='lat' dir='ltr'><strong>cheros</strong></span> <span class='ocrx_word' id='word_1_208' title='bbox 534 3863 781 3953; x_wconf 81' lang='lat' dir='ltr'><strong>leodicensis,</strong></span> <span class='ocrx_word' id='word_1_209' title='bbox 810 3878 846 3936; x_wconf 90' lang='lat' dir='ltr'><strong>et</strong></span> <span class='ocrx_word' id='word_1_210' title='bbox 881 3853 1008 3936; x_wconf 88' lang='lat' dir='ltr'><strong>Haimo</strong></span> <span class='ocrx_word' id='word_1_211' title='bbox 1037 3866 1280 3942; x_wconf 88' lang='lat' dir='ltr'><strong>Virdunensis.</strong></span> <span class='ocrx_word' id='word_1_212' title='bbox 1309 3875 1443 3944; x_wconf 91' lang='lat' dir='ltr'><strong>Horum</strong></span> 
     </span>
     <span class='ocr_line' id='line_1_29' title="bbox 372 3977 1443 4090; baseline 0.01 -40"><span class='ocrx_word' id='word_1_213' title='bbox 372 3979 512 4051; x_wconf 88' lang='lat' dir='ltr'><strong>medius</strong></span> <span class='ocrx_word' id='word_1_214' title='bbox 534 3977 643 4054; x_wconf 88' lang='lat' dir='ltr'><strong>abbas</strong></span> <span class='ocrx_word' id='word_1_215' title='bbox 661 3984 732 4052; x_wconf 88' lang='lat' dir='ltr'><strong>Leo</strong></span> <span class='ocrx_word' id='word_1_216' title='bbox 752 3981 900 4070; x_wconf 86' lang='lat' dir='ltr'><strong>resedit,</strong></span> <span class='ocrx_word' id='word_1_217' title='bbox 923 3983 1087 4082; x_wconf 86' lang='lat' dir='ltr'><strong>vicesque</strong></span> <span class='ocrx_word' id='word_1_218' title='bbox 1109 3985 1233 4058; x_wconf 89' lang='lat' dir='ltr'><strong>domni</strong></span> <span class='ocrx_word' id='word_1_219' title='bbox 1257 4013 1358 4090; x_wconf 89' lang='lat' dir='ltr'><strong>papae</strong></span> <span class='ocrx_word' id='word_1_220' title='bbox 1380 3989 1443 4061; x_wconf 86' lang='lat' dir='ltr'><strong>ob-</strong></span> 
     </span>
    </p>
   </div>
   <div class='ocr_carea' id='block_1_5' title="bbox 406 4230 622 4300">
    <p class='ocr_par' dir='ltr' id='par_1_5' title="bbox 406 4230 622 4300">
     <span class='ocr_line' id='line_1_30' title="bbox 406 4230 622 4300; baseline 0.009 -18"><span class='ocrx_word' id='word_1_221' title='bbox 406 4230 414 4257; x_wconf 87' lang='lat'>¹</span> <span class='ocrx_word' id='word_1_222' title='bbox 435 4249 482 4300; x_wconf 80' lang='lat' dir='ltr'><strong>age</strong></span> <span class='ocrx_word' id='word_1_223' title='bbox 494 4232 622 4284; x_wconf 79' lang='lat' dir='ltr'><strong>abscisum.</strong></span> 
     </span>
    </p>
   </div>
   <div class='ocr_carea' id='block_1_6' title="bbox 0 0 1666 5298">
    <p class='ocr_par' dir='ltr' id='par_1_6' title="bbox 0 0 1666 5298">
     <span class='ocr_line' id='line_1_31' title="bbox 0 0 1666 5298; baseline 0 3"><span class='ocrx_word' id='word_1_224' title='bbox 0 0 1666 5298; x_wconf 95' lang='lat' dir='ltr'><strong> </strong></span> 
     </span>
    </p>
   </div>
  </div>
 </body>
</html>
