3314 5294
371 497 429 561 146
730 497 896 560 RlCHERI
918 497 994 558 LIB.
1019 497 1073 558 IV.

732 853 766 910 V.
779 889 816 901 -
827 861 922 912 Obitus
933 858 1072 914 Ludovici.

415 1025 487 1101 Rex
504 1029 624 1126 itaque
638 1030 831 1100 exercitum
848 1029 1000 1119 amovit,
1022 1027 1319 1125 Silvanectimque
1332 1027 1438 1099 deve·=
1509 1076 1513 1082 -

362 1147 427 1216 nit.
446 1146 515 1217 Ubi
536 1145 624 1217 dum
641 1146 797 1216 aestivam
818 1146 1046 1216 venationem
1064 1161 1265 1236 exerceret,
1281 1145 1436 1244 pedestri

361 1262 463 1362 lapsu
483 1262 668 1351 decidens,
691 1261 937 1359 multoepatis
957 1261 1083 1334 dolore
1100 1255 1245 1334 vexatus
1263 1277 1327 1332 est.
1345 1267 1435 1332 Nam

361 1380 445 1476 quia
468 1380 505 1449 in
529 1393 631 1478 epate
648 1378 827 1474 sanguinis
848 1377 989 1469 sedem,
1013 1379 1140 1477 phisici
1158 1379 1368 1476 perhibent,
1393 1404 1435 1451 ea

360 1497 445 1570 sede
460 1521 647 1586 concussa,
662 1496 805 1592 sanguis
822 1497 859 1566 in
875 1493 1113 1569 emathoicam
1126 1495 1352 1568 redundavit.
1369 1498 1434 1568 Cui

358 1615 500 1710 sanguis
525 1613 692 1711 copiosus
716 1637 781 1710 per
805 1636 909 1683 nares
932 1627 969 1684 et
991 1611 1110 1709 gulam
1133 1612 1327 1685 diffluebat.
1358 1617 1432 1696 Ma·

357 1731 462 1802 millae
475 1729 660 1802 doloribus
672 1728 821 1814 assiduis
832 1727 1076 1827 pulsabantur.
1092 1730 1224 1801 Fervor
1236 1730 1345 1801 totius
1357 1753 1434 1801 cor·

355 1845 454 1943 poris
473 1843 704 1919 intolerabilis
722 1868 797 1915 non
812 1843 945 1915 deerat.
963 1843 1067 1916 Unde
1087 1867 1162 1916 uno
1175 1859 1317 1916 tantum
1334 1868 1430 1916 auno

355 1963 447 2058 patri
467 1977 656 2060 superstes,
672 1967 710 2034 ll
737 1957 807 2030 kal.
824 1960 919 2030 Junii
931 1958 1107 2049 defitiens,
1121 1976 1256 2032 naturae
1269 1958 1430 2032 debitum

354 2078 471 2150 solvit.
502 2079 611 2174 Cujus
642 2079 834 2167 discessus,
864 2088 908 2149 eo
940 2092 1104 2176 tempore
1134 2078 1262 2149 accidit
1294 2103 1368 2175 quo
1394 2093 1430 2152 et

354 2194 621 2291 metropolitani
632 2194 795 2292 purgatio
816 2193 862 2265 de
881 2193 1028 2289 objectis
1045 2193 1212 2265 habenda
1230 2209 1316 2265 erat.
1342 2194 1430 2266 Ade-

354 2327 408 2382 rat
426 2312 532 2408 igitur
550 2309 775 2410 purgandus,
803 2327 838 2383 et
860 2311 964 2407 regiae
981 2311 1156 2407 majestati
1173 2309 1423 2383 satisfacturus.
1467 2309 1475 2316 ’

353 2429 423 2500 Sed
447 2431 533 2526 regii
555 2428 688 2501 funeris
712 2427 930 2518 calamitate,
960 2429 1029 2500 hac
1047 2415 1108 2499 lite
1136 2453 1341 2526 suppressa,
1362 2455 1430 2501 nec

352 2545 592 2616 controversia
619 2559 736 2643 partes
757 2543 900 2636 habuit,
933 2569 1000 2634 nec
1022 2568 1064 2615 ex
1088 2567 1130 2614 ea
1151 2542 1321 2638 juditium
1344 2569 1429 2641 pro-

352 2661 551 2758 mulgatum
583 2661 660 2732 fuit.
697 2661 853 2732 Plurima
885 2687 972 2733 vero
1004 2660 1314 2732 commiseratione
1354 2661 1429 2758 ipse

352 2778 542 2877 episcopus
565 2777 611 2848 de
633 2792 749 2848 morte
774 2779 864 2874 regis
896 2793 1113 2875 conquestus
1145 2791 1209 2848 est.
1236 2781 1429 2874 Postquam

353 2909 472 2965 autem
499 2894 636 2992 regium
662 2893 768 2964 funus
798 2909 997 2983 curassent,
1027 2894 1231 2992 principum
1259 2894 1426 2984 decreto,

353 3009 567 3108 Compendii
588 3009 789 3081 tumulatus
807 3027 876 3101 est,
905 3011 1082 3108 cumipse
1102 3011 1226 3081 vivens
1248 3035 1350 3082 secus
1367 3037 1429 3109 pa·

352 3141 444 3196 trem
462 3126 796 3226 tumularipetierit.
815 3127 857 3198 ld
880 3143 999 3200 autem
1021 3127 1185 3214 consulto
1211 3128 1426 3219 factumest,

352 3243 501 3339 nedum
517 3245 651 3315 itineris
671 3244 931 3342 longitudinem
950 3269 1077 3316 eorum
1093 3246 1323 3345 quamplures
1340 3249 1428 3319 vita-

353 3376 453 3460 rent,
471 3377 544 3434 eta
566 3385 604 3436 se
618 3361 720 3433 divisi
733 3363 975 3453 discederent,
997 3365 1048 3434 rei
1065 3363 1217 3464 publicae
1237 3364 1427 3436 utillimum

354 3477 553 3552 differretur
574 3481 791 3553 consultum.
822 3481 958 3562 Placuit
981 3482 1101 3580 itaque
1125 3497 1208 3561 ante
1232 3482 1426 3556 discessum

353 3599 557 3688 convenire,
579 3613 614 3672 et
632 3625 675 3672 ex
693 3599 792 3697 regni
806 3599 1006 3672 commodis
1019 3601 1216 3673 consulere.
