<?xml version="1.0" encoding="UTF-8"?>
<!DOCTYPE html PUBLIC "-//W3C//DTD XHTML 1.0 Transitional//EN"
    "http://www.w3.org/TR/xhtml1/DTD/xhtml1-transitional.dtd">
<html xmlns="http://www.w3.org/1999/xhtml" xml:lang="en" lang="en">
 <head>
  <title>
</title>
<meta http-equiv="Content-Type" content="text/html;charset=utf-8" />
  <meta name='ocr-system' content='tesseract 3.04.00' />
  <meta name='ocr-capabilities' content='ocr_page ocr_carea ocr_par ocr_line ocrx_word'/>
</head>
<body>
  <div class='ocr_page' id='page_1' title='image "./richerhistoired01parigoog_0172.png"; bbox 0 0 3320 5296; ppageno 0'>
   <div class='ocr_carea' id='block_1_1' title="bbox 335 541 1033 610">
    <p class='ocr_par' dir='ltr' id='par_1_1' title="bbox 335 541 1033 610">
     <span class='ocr_line' id='line_1_1' title="bbox 335 541 1033 610; baseline 0 -7"><span class='ocrx_word' id='word_1_1' title='bbox 335 546 395 604; x_wconf 74' lang='lat'><strong>152</strong></span> <span class='ocrx_word' id='word_1_2' title='bbox 692 545 856 610; x_wconf 85' lang='lat' dir='ltr'><strong>RlCllERl</strong></span> <span class='ocrx_word' id='word_1_3' title='bbox 880 545 953 606; x_wconf 76' lang='lat' dir='ltr'><strong>tta.</strong></span> <span class='ocrx_word' id='word_1_4' title='bbox 977 541 1033 604; x_wconf 82' lang='lat' dir='ltr'><strong>tv.</strong></span> 
     </span>
    </p>
   </div>
   <div class='ocr_carea' id='block_1_2' title="bbox 438 733 1304 808">
    <p class='ocr_par' dir='ltr' id='par_1_2' title="bbox 438 733 1304 808">
     <span class='ocr_line' id='line_1_2' title="bbox 438 733 1304 808; baseline 0.005 -24"><span class='ocrx_word' id='word_1_5' title='bbox 438 733 489 785; x_wconf 87' lang='lat' dir='ltr'><strong>IX.</strong></span> <span class='ocrx_word' id='word_1_6' title='bbox 505 764 541 774; x_wconf 98' lang='lat'>-</span> <span class='ocrx_word' id='word_1_7' title='bbox 554 735 713 805; x_wconf 78' lang='lat' dir='ltr'>Conquestio</span> <span class='ocrx_word' id='word_1_8' title='bbox 724 736 818 790; x_wconf 83' lang='lat' dir='ltr'><strong>Karoli</strong></span> <span class='ocrx_word' id='word_1_9' title='bbox 831 736 904 808; x_wconf 89' lang='lat' dir='ltr'><strong>apud</strong></span> <span class='ocrx_word' id='word_1_10' title='bbox 920 735 1151 808; x_wconf 82' lang='lat' dir='ltr'><strong>metropolitanum</strong></span> <span class='ocrx_word' id='word_1_11' title='bbox 1164 735 1198 788; x_wconf 92' lang='lat' dir='ltr'><strong>de</strong></span> <span class='ocrx_word' id='word_1_12' title='bbox 1211 753 1304 807; x_wconf 86' lang='lat' dir='ltr'><strong>regno.</strong></span> 
     </span>
    </p>
   </div>
   <div class='ocr_carea' id='block_1_3' title="bbox 334 877 1424 3906">
    <p class='ocr_par' dir='ltr' id='par_1_3' title="bbox 334 877 1424 3906">
     <span class='ocr_line' id='line_1_3' title="bbox 382 877 1410 975; baseline 0.003 -27"><span class='ocrx_word' id='word_1_13' title='bbox 382 881 521 950; x_wconf 82' lang='lat' dir='ltr'><strong>Interea</strong></span> <span class='ocrx_word' id='word_1_14' title='bbox 535 877 685 951; x_wconf 88' lang='lat' dir='ltr'><strong>Karolus</strong></span> <span class='ocrx_word' id='word_1_15' title='bbox 704 878 766 975; x_wconf 93' lang='lat' dir='ltr'><strong>qui</strong></span> <span class='ocrx_word' id='word_1_16' title='bbox 785 878 899 950; x_wconf 86' lang='lat' dir='ltr'><strong>fuerat</strong></span> <span class='ocrx_word' id='word_1_17' title='bbox 913 877 1069 950; x_wconf 89' lang='lat' dir='ltr'><strong>Lotharii</strong></span> <span class='ocrx_word' id='word_1_18' title='bbox 1087 877 1213 970; x_wconf 85' lang='lat' dir='ltr'><strong>frater,</strong></span> <span class='ocrx_word' id='word_1_19' title='bbox 1236 878 1410 952; x_wconf 89' lang='lat' dir='ltr'><strong>Ludovici</strong></span> 
     </span>
     <span class='ocr_line' id='line_1_4' title="bbox 334 993 1409 1094; baseline 0.005 -31"><span class='ocrx_word' id='word_1_20' title='bbox 334 1004 501 1090; x_wconf 88' lang='lat' dir='ltr'><strong>patruus,</strong></span> <span class='ocrx_word' id='word_1_21' title='bbox 535 995 652 1065; x_wconf 86' lang='lat' dir='ltr'>Remis</span> <span class='ocrx_word' id='word_1_22' title='bbox 679 994 995 1094; x_wconf 88' lang='lat' dir='ltr'><strong>metropolitanum</strong></span> <span class='ocrx_word' id='word_1_23' title='bbox 1020 993 1124 1085; x_wconf 89' lang='lat' dir='ltr'><strong>adiit,</strong></span> <span class='ocrx_word' id='word_1_24' title='bbox 1152 1010 1258 1092; x_wconf 87' lang='lat' dir='ltr'><strong>atque</strong></span> <span class='ocrx_word' id='word_1_25' title='bbox 1283 997 1332 1066; x_wconf 92' lang='lat' dir='ltr'><strong>sic</strong></span> <span class='ocrx_word' id='word_1_26' title='bbox 1363 995 1409 1068; x_wconf 89' lang='lat' dir='ltr'><strong>de</strong></span> 
     </span>
     <span class='ocr_line' id='line_1_5' title="bbox 335 1110 1411 1210; baseline 0.006 -33"><span class='ocrx_word' id='word_1_27' title='bbox 335 1132 448 1205; x_wconf 88' lang='lat' dir='ltr'><strong>regno</strong></span> <span class='ocrx_word' id='word_1_28' title='bbox 469 1134 552 1181; x_wconf 91' lang='lat' dir='ltr'><strong>eum</strong></span> <span class='ocrx_word' id='word_1_29' title='bbox 571 1110 762 1182; x_wconf 88' lang='lat' dir='ltr'><strong>convenit:</strong></span> <span class='ocrx_word' id='word_1_30' title='bbox 783 1139 800 1179; x_wconf 81' lang='lat' dir='ltr'><strong>u</strong></span> <span class='ocrx_word' id='word_1_31' title='bbox 819 1110 995 1182; x_wconf 90' lang='lat' dir='ltr'>Omnibus</span> <span class='ocrx_word' id='word_1_32' title='bbox 1009 1127 1136 1184; x_wconf 92' lang='lat' dir='ltr'><strong>notum</strong></span> <span class='ocrx_word' id='word_1_33' title='bbox 1156 1127 1221 1203; x_wconf 90' lang='lat' dir='ltr'><strong>est,</strong></span> <span class='ocrx_word' id='word_1_34' title='bbox 1238 1127 1339 1210; x_wconf 92' lang='lat' dir='ltr'><strong>pater</strong></span> <span class='ocrx_word' id='word_1_35' title='bbox 1350 1137 1411 1184; x_wconf 88' lang='lat' dir='ltr'><strong>ve-</strong></span> 
     </span>
     <span class='ocr_line' id='line_1_6' title="bbox 338 1226 1412 1326; baseline 0.007 -33"><span class='ocrx_word' id='word_1_36' title='bbox 338 1253 356 1294; x_wconf 78' lang='lat' dir='ltr'><strong>r</strong></span> <span class='ocrx_word' id='word_1_37' title='bbox 373 1226 533 1298; x_wconf 85' lang='lat' dir='ltr'><strong>nerande</strong></span> <span class='ocrx_word' id='word_1_38' title='bbox 544 1281 553 1319; x_wconf 85' lang='lat'><strong>,</strong></span> <span class='ocrx_word' id='word_1_39' title='bbox 566 1228 646 1323; x_wconf 87' lang='lat' dir='ltr'><strong>jure</strong></span> <span class='ocrx_word' id='word_1_40' title='bbox 659 1227 877 1299; x_wconf 87' lang='lat' dir='ltr'><strong>hereditario</strong></span> <span class='ocrx_word' id='word_1_41' title='bbox 896 1228 1029 1300; x_wconf 91' lang='lat' dir='ltr'><strong>debere</strong></span> <span class='ocrx_word' id='word_1_42' title='bbox 1043 1229 1140 1301; x_wconf 82' lang='lat' dir='ltr'><strong>fratri</strong></span> <span class='ocrx_word' id='word_1_43' title='bbox 1162 1243 1197 1302; x_wconf 94' lang='lat' dir='ltr'><strong>et</strong></span> <span class='ocrx_word' id='word_1_44' title='bbox 1213 1229 1338 1326; x_wconf 84' lang='lat' dir='ltr'>nepoti</span> <span class='ocrx_word' id='word_1_45' title='bbox 1353 1253 1412 1300; x_wconf 88' lang='lat' dir='ltr'><strong>me</strong></span> 
     </span>
     <span class='ocr_line' id='line_1_7' title="bbox 340 1342 1410 1444; baseline 0.008 -36"><span class='ocrx_word' id='word_1_46' title='bbox 340 1342 580 1416; x_wconf 81' lang='lat' dir='ltr'><strong>«succedere.</strong></span> <span class='ocrx_word' id='word_1_47' title='bbox 605 1345 700 1417; x_wconf 89' lang='lat' dir='ltr'><strong>Licet</strong></span> <span class='ocrx_word' id='word_1_48' title='bbox 714 1345 846 1417; x_wconf 91' lang='lat' dir='ltr'><strong>enima</strong></span> <span class='ocrx_word' id='word_1_49' title='bbox 865 1346 971 1417; x_wconf 87' lang='lat' dir='ltr'><strong>fratre</strong></span> <span class='ocrx_word' id='word_1_50' title='bbox 992 1345 1038 1417; x_wconf 92' lang='lat' dir='ltr'><strong>de</strong></span> <span class='ocrx_word' id='word_1_51' title='bbox 1057 1367 1169 1443; x_wconf 87' lang='lat' dir='ltr'><strong>regno</strong></span> <span class='ocrx_word' id='word_1_52' title='bbox 1187 1345 1311 1444; x_wconf 93' lang='lat' dir='ltr'><strong>pulsus</strong></span> <span class='ocrx_word' id='word_1_53' title='bbox 1328 1347 1410 1436; x_wconf 92' lang='lat' dir='ltr'><strong>sim,</strong></span> 
     </span>
     <span class='ocr_line' id='line_1_8' title="bbox 340 1461 1411 1559; baseline 0.009 -35"><span class='ocrx_word' id='word_1_54' title='bbox 340 1485 359 1526; x_wconf 79' lang='lat' dir='ltr'><strong>u</strong></span> <span class='ocrx_word' id='word_1_55' title='bbox 375 1473 496 1531; x_wconf 86' lang='lat' dir='ltr'><strong>tamen</strong></span> <span class='ocrx_word' id='word_1_56' title='bbox 510 1474 637 1533; x_wconf 88' lang='lat' dir='ltr'><strong>natura</strong></span> <span class='ocrx_word' id='word_1_57' title='bbox 657 1461 748 1532; x_wconf 90' lang='lat' dir='ltr'>nihil</span> <span class='ocrx_word' id='word_1_58' title='bbox 758 1462 988 1536; x_wconf 86' lang='lat' dir='ltr'><strong>humanitatis</strong></span> <span class='ocrx_word' id='word_1_59' title='bbox 1001 1462 1091 1533; x_wconf 92' lang='lat' dir='ltr'><strong>mihi</strong></span> <span class='ocrx_word' id='word_1_60' title='bbox 1107 1461 1306 1559; x_wconf 82' lang='lat' dir='ltr'><strong>derogavit:</strong></span> <span class='ocrx_word' id='word_1_61' title='bbox 1328 1487 1411 1534; x_wconf 92' lang='lat' dir='ltr'><strong>cum</strong></span> 
     </span>
     <span class='ocr_line' id='line_1_9' title="bbox 341 1575 1413 1677; baseline 0.007 -33"><span class='ocrx_word' id='word_1_62' title='bbox 341 1603 360 1644; x_wconf 83' lang='lat' dir='ltr'><strong>u</strong></span> <span class='ocrx_word' id='word_1_63' title='bbox 376 1575 544 1649; x_wconf 91' lang='lat' dir='ltr'><strong>omnibus</strong></span> <span class='ocrx_word' id='word_1_64' title='bbox 557 1576 728 1651; x_wconf 90' lang='lat' dir='ltr'><strong>membris</strong></span> <span class='ocrx_word' id='word_1_65' title='bbox 747 1591 964 1669; x_wconf 79' lang='lat' dir='ltr'><strong>natussum,</strong></span> <span class='ocrx_word' id='word_1_66' title='bbox 985 1579 1061 1651; x_wconf 86' lang='lat' dir='ltr'><strong>sine</strong></span> <span class='ocrx_word' id='word_1_67' title='bbox 1079 1577 1209 1676; x_wconf 92' lang='lat' dir='ltr'><strong>quibus</strong></span> <span class='ocrx_word' id='word_1_68' title='bbox 1229 1579 1345 1677; x_wconf 89' lang='lat' dir='ltr'><strong>quivis</strong></span> <span class='ocrx_word' id='word_1_69' title='bbox 1366 1579 1413 1651; x_wconf 90' lang='lat' dir='ltr'><strong>ad</strong></span> 
     </span>
     <span class='ocr_line' id='line_1_10' title="bbox 342 1692 1415 1822; baseline 0.003 -59"><span class='ocrx_word' id='word_1_70' title='bbox 342 1722 360 1759; x_wconf 83' lang='lat' dir='ltr'><strong>u</strong></span> <span class='ocrx_word' id='word_1_71' title='bbox 378 1692 585 1791; x_wconf 91' lang='lat' dir='ltr'><strong>dignitatem</strong></span> <span class='ocrx_word' id='word_1_72' title='bbox 615 1695 811 1822; x_wconf 85' lang='lat' dir='ltr'><strong>quamlibet</strong></span> <span class='ocrx_word' id='word_1_73' title='bbox 842 1695 1047 1795; x_wconf 91' lang='lat' dir='ltr'><strong>promoveri</strong></span> <span class='ocrx_word' id='word_1_74' title='bbox 1076 1721 1151 1767; x_wconf 94' lang='lat' dir='ltr'><strong>non</strong></span> <span class='ocrx_word' id='word_1_75' title='bbox 1186 1697 1324 1795; x_wconf 87' lang='lat' dir='ltr'><strong>potuit;</strong></span> <span class='ocrx_word' id='word_1_76' title='bbox 1357 1695 1415 1766; x_wconf 92' lang='lat' dir='ltr'><strong>his</strong></span> 
     </span>
     <span class='ocr_line' id='line_1_11' title="bbox 341 1811 1415 1913; baseline 0.009 -37"><span class='ocrx_word' id='word_1_77' title='bbox 341 1837 359 1876; x_wconf 79' lang='lat' dir='ltr'><strong>n</strong></span> <span class='ocrx_word' id='word_1_78' title='bbox 377 1811 485 1882; x_wconf 89' lang='lat' dir='ltr'><strong>etiam</strong></span> <span class='ocrx_word' id='word_1_79' title='bbox 504 1834 578 1882; x_wconf 92' lang='lat' dir='ltr'><strong>non</strong></span> <span class='ocrx_word' id='word_1_80' title='bbox 593 1835 720 1903; x_wconf 90' lang='lat' dir='ltr'><strong>careo,</strong></span> <span class='ocrx_word' id='word_1_81' title='bbox 742 1836 821 1911; x_wconf 88' lang='lat' dir='ltr'><strong>quae</strong></span> <span class='ocrx_word' id='word_1_82' title='bbox 835 1814 874 1883; x_wconf 91' lang='lat' dir='ltr'><strong>in</strong></span> <span class='ocrx_word' id='word_1_83' title='bbox 893 1813 1090 1910; x_wconf 82' lang='lat' dir='ltr'><strong>regnaturis</strong></span> <span class='ocrx_word' id='word_1_84' title='bbox 1104 1811 1320 1909; x_wconf 87' lang='lat' dir='ltr'><strong>quibuslibet</strong></span> <span class='ocrx_word' id='word_1_85' title='bbox 1336 1811 1415 1913; x_wconf 92' lang='lat' dir='ltr'><strong>plu·</strong></span> 
     </span>
     <span class='ocr_line' id='line_1_12' title="bbox 341 1928 1411 2027; baseline 0.007 -32"><span class='ocrx_word' id='word_1_86' title='bbox 341 1928 509 1999; x_wconf 77' lang='lat' dir='ltr'><strong>orimum</strong></span> <span class='ocrx_word' id='word_1_87' title='bbox 527 1931 629 2025; x_wconf 94' lang='lat' dir='ltr'><strong>queri</strong></span> <span class='ocrx_word' id='word_1_88' title='bbox 653 1930 786 2021; x_wconf 82' lang='lat' dir='ltr'><strong>solent,</strong></span> <span class='ocrx_word' id='word_1_89' title='bbox 810 1955 959 2027; x_wconf 84' lang='lat' dir='ltr'><strong>genere,</strong></span> <span class='ocrx_word' id='word_1_90' title='bbox 981 1946 1017 2002; x_wconf 92' lang='lat' dir='ltr'><strong>et</strong></span> <span class='ocrx_word' id='word_1_91' title='bbox 1038 1945 1078 2001; x_wconf 93' lang='lat' dir='ltr'><strong>ut</strong></span> <span class='ocrx_word' id='word_1_92' title='bbox 1099 1928 1252 2003; x_wconf 84' lang='lat' dir='ltr'><strong>audeam</strong></span> <span class='ocrx_word' id='word_1_93' title='bbox 1269 1930 1411 2002; x_wconf 88' lang='lat' dir='ltr'><strong>virtute.</strong></span> 
     </span>
     <span class='ocr_line' id='line_1_13' title="bbox 343 2045 1417 2144; baseline 0.006 -32"><span class='ocrx_word' id='word_1_94' title='bbox 343 2073 361 2113; x_wconf 81' lang='lat' dir='ltr'><strong>u</strong></span> <span class='ocrx_word' id='word_1_95' title='bbox 379 2047 451 2116; x_wconf 92' lang='lat' dir='ltr'><strong>Cur</strong></span> <span class='ocrx_word' id='word_1_96' title='bbox 470 2069 556 2142; x_wconf 90' lang='lat' dir='ltr'><strong>ergo</strong></span> <span class='ocrx_word' id='word_1_97' title='bbox 579 2071 602 2116; x_wconf 91' lang='lat' dir='ltr'><strong>a</strong></span> <span class='ocrx_word' id='word_1_98' title='bbox 624 2045 756 2118; x_wconf 84' lang='lat' dir='ltr'><strong>finibus</strong></span> <span class='ocrx_word' id='word_1_99' title='bbox 775 2047 907 2143; x_wconf 89' lang='lat' dir='ltr'><strong>ejectus</strong></span> <span class='ocrx_word' id='word_1_100' title='bbox 932 2072 1031 2133; x_wconf 88' lang='lat' dir='ltr'><strong>sum,</strong></span> <span class='ocrx_word' id='word_1_101' title='bbox 1060 2071 1152 2144; x_wconf 91' lang='lat' dir='ltr'><strong>quos</strong></span> <span class='ocrx_word' id='word_1_102' title='bbox 1179 2072 1201 2118; x_wconf 90' lang='lat' dir='ltr'><strong>a</strong></span> <span class='ocrx_word' id='word_1_103' title='bbox 1222 2046 1417 2142; x_wconf 90' lang='lat' dir='ltr'><strong>majoribus</strong></span> 
     </span>
     <span class='ocr_line' id='line_1_14' title="bbox 344 2153 1418 2259; baseline 0.007 -31"><span class='ocrx_word' id='word_1_104' title='bbox 344 2189 362 2229; x_wconf 84' lang='lat' dir='ltr'><strong>u</strong></span> <span class='ocrx_word' id='word_1_105' title='bbox 379 2161 467 2233; x_wconf 84' lang='lat' dir='ltr'><strong>meis</strong></span> <span class='ocrx_word' id='word_1_106' title='bbox 481 2186 665 2259; x_wconf 89' lang='lat' dir='ltr'><strong>possessos</strong></span> <span class='ocrx_word' id='word_1_107' title='bbox 677 2187 787 2233; x_wconf 92' lang='lat' dir='ltr'><strong>nemo</strong></span> <span class='ocrx_word' id='word_1_108' title='bbox 800 2162 957 2254; x_wconf 89' lang='lat' dir='ltr'><strong>dubitat,</strong></span> <span class='ocrx_word' id='word_1_109' title='bbox 971 2188 1056 2234; x_wconf 90' lang='lat' dir='ltr'><strong>cum</strong></span> <span class='ocrx_word' id='word_1_110' title='bbox 1067 2153 1174 2234; x_wconf 82' lang='lat' dir='ltr'><strong>irater</strong></span> <span class='ocrx_word' id='word_1_111' title='bbox 1186 2188 1261 2234; x_wconf 94' lang='lat' dir='ltr'><strong>non</strong></span> <span class='ocrx_word' id='word_1_112' title='bbox 1274 2164 1335 2255; x_wconf 85' lang='lat' dir='ltr'><strong>sit,</strong></span> <span class='ocrx_word' id='word_1_113' title='bbox 1357 2188 1418 2236; x_wconf 91' lang='lat' dir='ltr'><strong>ne·</strong></span> 
     </span>
     <span class='ocr_line' id='line_1_15' title="bbox 344 2278 1417 2379; baseline 0.007 -35"><span class='ocrx_word' id='word_1_114' title='bbox 344 2305 364 2344; x_wconf 81' lang='lat' dir='ltr'><strong>u</strong></span> <span class='ocrx_word' id='word_1_115' title='bbox 377 2304 517 2378; x_wconf 91' lang='lat' dir='ltr'><strong>posque</strong></span> <span class='ocrx_word' id='word_1_116' title='bbox 531 2280 676 2372; x_wconf 89' lang='lat' dir='ltr'><strong>obierit,</strong></span> <span class='ocrx_word' id='word_1_117' title='bbox 692 2279 904 2379; x_wconf 90' lang='lat' dir='ltr'><strong>prolemque</strong></span> <span class='ocrx_word' id='word_1_118' title='bbox 918 2279 1053 2350; x_wconf 89' lang='lat' dir='ltr'><strong>nullam</strong></span> <span class='ocrx_word' id='word_1_119' title='bbox 1066 2278 1297 2377; x_wconf 80' lang='lat' dir='ltr'><strong>reliquerint?</strong></span> <span class='ocrx_word' id='word_1_120' title='bbox 1312 2284 1417 2351; x_wconf 87' lang='lat' dir='ltr'><strong>Pater</strong></span> 
     </span>
     <span class='ocr_line' id='line_1_16' title="bbox 344 2395 1417 2495; baseline 0.002 -31"><span class='ocrx_word' id='word_1_121' title='bbox 344 2426 363 2465; x_wconf 81' lang='lat' dir='ltr'><strong>u</strong></span> <span class='ocrx_word' id='word_1_122' title='bbox 378 2421 447 2466; x_wconf 91' lang='lat' dir='ltr'><strong>nos</strong></span> <span class='ocrx_word' id='word_1_123' title='bbox 465 2397 556 2469; x_wconf 91' lang='lat' dir='ltr'><strong>duos</strong></span> <span class='ocrx_word' id='word_1_124' title='bbox 569 2396 692 2469; x_wconf 85' lang='lat' dir='ltr'><strong>fratres</strong></span> <span class='ocrx_word' id='word_1_125' title='bbox 705 2397 909 2495; x_wconf 87' lang='lat' dir='ltr'><strong>superstites</strong></span> <span class='ocrx_word' id='word_1_126' title='bbox 920 2395 1072 2495; x_wconf 89' lang='lat' dir='ltr'><strong>reliquit.</strong></span> <span class='ocrx_word' id='word_1_127' title='bbox 1089 2401 1210 2468; x_wconf 86' lang='lat' dir='ltr'><strong>Frater</strong></span> <span class='ocrx_word' id='word_1_128' title='bbox 1222 2421 1417 2493; x_wconf 88' lang='lat' dir='ltr'><strong>regnorum</strong></span> 
     </span>
     <span class='ocr_line' id='line_1_17' title="bbox 345 2511 1413 2613; baseline 0.002 -32"><span class='ocrx_word' id='word_1_129' title='bbox 345 2540 364 2582; x_wconf 83' lang='lat' dir='ltr'><strong>n</strong></span> <span class='ocrx_word' id='word_1_130' title='bbox 380 2511 581 2586; x_wconf 90' lang='lat' dir='ltr'><strong>dominium</strong></span> <span class='ocrx_word' id='word_1_131' title='bbox 592 2529 716 2602; x_wconf 25' lang='lat' dir='ltr'><strong>,totum</strong></span> <span class='ocrx_word' id='word_1_132' title='bbox 736 2514 913 2613; x_wconf 88' lang='lat' dir='ltr'><strong>possedit,</strong></span> <span class='ocrx_word' id='word_1_133' title='bbox 936 2514 1098 2612; x_wconf 89' lang='lat' dir='ltr'><strong>nihilque</strong></span> <span class='ocrx_word' id='word_1_134' title='bbox 1120 2513 1209 2584; x_wconf 91' lang='lat' dir='ltr'><strong>mihi</strong></span> <span class='ocrx_word' id='word_1_135' title='bbox 1227 2512 1413 2584; x_wconf 91' lang='lat' dir='ltr'><strong>concessit.</strong></span> 
     </span>
     <span class='ocr_line' id='line_1_18' title="bbox 345 2629 1414 2728; baseline 0.002 -30"><span class='ocrx_word' id='word_1_136' title='bbox 345 2660 363 2698; x_wconf 89' lang='lat'>«</span> <span class='ocrx_word' id='word_1_137' title='bbox 380 2634 455 2728; x_wconf 88' lang='lat' dir='ltr'><strong>Ego</strong></span> <span class='ocrx_word' id='word_1_138' title='bbox 474 2631 572 2703; x_wconf 88' lang='lat' dir='ltr'><strong>fratri</strong></span> <span class='ocrx_word' id='word_1_139' title='bbox 585 2631 759 2719; x_wconf 89' lang='lat' dir='ltr'><strong>subditus,</strong></span> <span class='ocrx_word' id='word_1_140' title='bbox 782 2631 934 2703; x_wconf 85' lang='lat' dir='ltr'><strong>fideliter</strong></span> <span class='ocrx_word' id='word_1_141' title='bbox 946 2656 1019 2702; x_wconf 94' lang='lat' dir='ltr'><strong>non</strong></span> <span class='ocrx_word' id='word_1_142' title='bbox 1034 2631 1153 2701; x_wconf 92' lang='lat' dir='ltr'><strong>minus</strong></span> <span class='ocrx_word' id='word_1_143' title='bbox 1167 2630 1242 2701; x_wconf 86' lang='lat' dir='ltr'><strong>aliis</strong></span> <span class='ocrx_word' id='word_1_144' title='bbox 1254 2629 1414 2701; x_wconf 89' lang='lat' dir='ltr'><strong>militavi.</strong></span> 
     </span>
     <span class='ocr_line' id='line_1_19' title="bbox 345 2745 1419 2848; baseline 0.001 -33"><span class='ocrx_word' id='word_1_145' title='bbox 345 2777 363 2816; x_wconf 81' lang='lat' dir='ltr'><strong>n</strong></span> <span class='ocrx_word' id='word_1_146' title='bbox 380 2754 409 2819; x_wconf 82' lang='lat' dir='ltr'><strong>A</strong></span> <span class='ocrx_word' id='word_1_147' title='bbox 428 2773 500 2848; x_wconf 90' lang='lat' dir='ltr'><strong>quo</strong></span> <span class='ocrx_word' id='word_1_148' title='bbox 518 2763 680 2847; x_wconf 90' lang='lat' dir='ltr'><strong>tempore</strong></span> <span class='ocrx_word' id='word_1_149' title='bbox 694 2749 828 2835; x_wconf 85' lang='lat' dir='ltr'><strong>fateor,</strong></span> <span class='ocrx_word' id='word_1_150' title='bbox 845 2747 934 2819; x_wconf 93' lang='lat' dir='ltr'><strong>nihil</strong></span> <span class='ocrx_word' id='word_1_151' title='bbox 952 2747 1040 2818; x_wconf 91' lang='lat' dir='ltr'><strong>mihi</strong></span> <span class='ocrx_word' id='word_1_152' title='bbox 1054 2747 1169 2844; x_wconf 83' lang='lat' dir='ltr'><strong>carius</strong></span> <span class='ocrx_word' id='word_1_153' title='bbox 1187 2746 1293 2817; x_wconf 85' lang='lat' dir='ltr'><strong>fuisse</strong></span> <span class='ocrx_word' id='word_1_154' title='bbox 1306 2745 1419 2816; x_wconf 84' lang='lat' dir='ltr'><strong>salute</strong></span> 
     </span>
     <span class='ocr_line' id='line_1_20' title="bbox 346 2863 1417 2963; baseline -0.003 -29"><span class='ocrx_word' id='word_1_155' title='bbox 346 2897 365 2934; x_wconf 76' lang='lat' dir='ltr'><strong>u</strong></span> <span class='ocrx_word' id='word_1_156' title='bbox 382 2865 508 2937; x_wconf 84' lang='lat' dir='ltr'><strong>fratris.</strong></span> <span class='ocrx_word' id='word_1_157' title='bbox 525 2864 690 2961; x_wconf 81' lang='lat' dir='ltr'><strong>Abjectus</strong></span> <span class='ocrx_word' id='word_1_158' title='bbox 704 2890 788 2963; x_wconf 91' lang='lat' dir='ltr'><strong>ergo</strong></span> <span class='ocrx_word' id='word_1_159' title='bbox 802 2880 837 2936; x_wconf 93' lang='lat' dir='ltr'><strong>et</strong></span> <span class='ocrx_word' id='word_1_160' title='bbox 849 2863 1051 2961; x_wconf 82' lang='lat' dir='ltr'><strong>infelixquo</strong></span> <span class='ocrx_word' id='word_1_161' title='bbox 1063 2887 1122 2933; x_wconf 90' lang='lat' dir='ltr'><strong>me</strong></span> <span class='ocrx_word' id='word_1_162' title='bbox 1135 2863 1253 2961; x_wconf 81' lang='lat' dir='ltr'><strong>potius</strong></span> <span class='ocrx_word' id='word_1_163' title='bbox 1267 2876 1417 2950; x_wconf 85' lang='lat' dir='ltr'><strong>vertam,</strong></span> 
     </span>
     <span class='ocr_line' id='line_1_21' title="bbox 347 2975 1420 3079; baseline -0.007 -29"><span class='ocrx_word' id='word_1_164' title='bbox 347 3011 365 3051; x_wconf 82' lang='lat' dir='ltr'><strong>u</strong></span> <span class='ocrx_word' id='word_1_165' title='bbox 383 3006 467 3053; x_wconf 92' lang='lat' dir='ltr'><strong>cum</strong></span> <span class='ocrx_word' id='word_1_166' title='bbox 484 2981 591 3052; x_wconf 88' lang='lat' dir='ltr'><strong>etiam</strong></span> <span class='ocrx_word' id='word_1_167' title='bbox 605 2981 725 3052; x_wconf 89' lang='lat' dir='ltr'><strong>omnia</strong></span> <span class='ocrx_word' id='word_1_168' title='bbox 741 2980 880 3077; x_wconf 89' lang='lat' dir='ltr'><strong>generis</strong></span> <span class='ocrx_word' id='word_1_169' title='bbox 897 2980 969 3064; x_wconf 85' lang='lat' dir='ltr'><strong>mei</strong></span> <span class='ocrx_word' id='word_1_170' title='bbox 981 2976 1144 3079; x_wconf 80' lang='lat' dir='ltr'><strong>praesidia</strong></span> <span class='ocrx_word' id='word_1_171' title='bbox 1157 2977 1311 3049; x_wconf 88' lang='lat' dir='ltr'><strong>extincta</strong></span> <span class='ocrx_word' id='word_1_172' title='bbox 1326 2975 1420 3047; x_wconf 80' lang='lat' dir='ltr'><strong>sint?</strong></span> 
     </span>
     <span class='ocr_line' id='line_1_22' title="bbox 348 3097 1421 3201; baseline -0.008 -30"><span class='ocrx_word' id='word_1_173' title='bbox 348 3105 483 3190; x_wconf 85' lang='lat' dir='ltr'><strong>«Quos</strong></span> <span class='ocrx_word' id='word_1_174' title='bbox 507 3116 634 3201; x_wconf 85' lang='lat' dir='ltr'><strong>praetcr</strong></span> <span class='ocrx_word' id='word_1_175' title='bbox 652 3123 716 3174; x_wconf 86' lang='lat' dir='ltr'><strong>vos</strong></span> <span class='ocrx_word' id='word_1_176' title='bbox 740 3099 903 3170; x_wconf 92' lang='lat' dir='ltr'><strong>omnium</strong></span> <span class='ocrx_word' id='word_1_177' title='bbox 922 3097 1156 3169; x_wconf 90' lang='lat' dir='ltr'><strong>honestarum</strong></span> <span class='ocrx_word' id='word_1_178' title='bbox 1175 3119 1296 3166; x_wconf 85' lang='lat' dir='ltr'><strong>rerum</strong></span> <span class='ocrx_word' id='word_1_179' title='bbox 1314 3116 1421 3190; x_wconf 89' lang='lat' dir='ltr'><strong>egens</strong></span> 
     </span>
     <span class='ocr_line' id='line_1_23' title="bbox 349 3199 1422 3320; baseline -0.009 -30"><span class='ocrx_word' id='word_1_180' title='bbox 349 3252 368 3290; x_wconf 73' lang='grc' dir='ltr'><strong>α</strong></span> <span class='ocrx_word' id='word_1_181' title='bbox 386 3216 588 3320; x_wconf 77' lang='lat' dir='ltr'><strong>appellem?</strong></span> <span class='ocrx_word' id='word_1_182' title='bbox 610 3221 677 3286; x_wconf 92' lang='lat' dir='ltr'><strong>Per</strong></span> <span class='ocrx_word' id='word_1_183' title='bbox 697 3239 788 3312; x_wconf 90' lang='lat' dir='ltr'><strong>quos</strong></span> <span class='ocrx_word' id='word_1_184' title='bbox 807 3215 876 3284; x_wconf 93' lang='lat' dir='ltr'><strong>nisi</strong></span> <span class='ocrx_word' id='word_1_185' title='bbox 893 3238 958 3313; x_wconf 89' lang='lat' dir='ltr'><strong>per</strong></span> <span class='ocrx_word' id='word_1_186' title='bbox 970 3237 1035 3285; x_wconf 88' lang='lat' dir='ltr'><strong>vos</strong></span> <span class='ocrx_word' id='word_1_187' title='bbox 1053 3199 1209 3310; x_wconf 88' lang='lat' dir='ltr'><strong>paternis</strong></span> <span class='ocrx_word' id='word_1_188' title='bbox 1221 3209 1422 3284; x_wconf 92' lang='lat' dir='ltr'><strong>honoribus</strong></span> 
     </span>
     <span class='ocr_line' id='line_1_24' title="bbox 349 3327 1423 3427; baseline -0.007 -22"><span class='ocrx_word' id='word_1_189' title='bbox 349 3367 367 3406; x_wconf 80' lang='lat' dir='ltr'><strong>n</strong></span> <span class='ocrx_word' id='word_1_190' title='bbox 384 3333 574 3409; x_wconf 84' lang='lat' dir='ltr'><strong>restituar?</strong></span> <span class='ocrx_word' id='word_1_191' title='bbox 601 3332 746 3403; x_wconf 88' lang='lat' dir='ltr'><strong>Utinam</strong></span> <span class='ocrx_word' id='word_1_192' title='bbox 776 3329 866 3401; x_wconf 92' lang='lat' dir='ltr'><strong>mihi</strong></span> <span class='ocrx_word' id='word_1_193' title='bbox 887 3329 1109 3427; x_wconf 82' lang='lat' dir='ltr'><strong>fortunisque</strong></span> <span class='ocrx_word' id='word_1_194' title='bbox 1137 3327 1225 3400; x_wconf 91' lang='lat' dir='ltr'><strong>meis</strong></span> <span class='ocrx_word' id='word_1_195' title='bbox 1251 3327 1423 3398; x_wconf 90' lang='lat' dir='ltr'><strong>honestus</strong></span> 
     </span>
     <span class='ocr_line' id='line_1_25' title="bbox 349 3444 1423 3544; baseline -0.007 -21"><span class='ocrx_word' id='word_1_196' title='bbox 349 3455 499 3527; x_wconf 82' lang='lat' dir='ltr'><strong>«exitus</strong></span> <span class='ocrx_word' id='word_1_197' title='bbox 525 3450 722 3524; x_wconf 83' lang='lat' dir='ltr'><strong>accidisset.</strong></span> <span class='ocrx_word' id='word_1_198' title='bbox 757 3447 854 3535; x_wconf 92' lang='lat' dir='ltr'><strong>Quid</strong></span> <span class='ocrx_word' id='word_1_199' title='bbox 883 3448 979 3519; x_wconf 90' lang='lat' dir='ltr'><strong>enim</strong></span> <span class='ocrx_word' id='word_1_200' title='bbox 999 3446 1157 3542; x_wconf 85' lang='lat' dir='ltr'><strong>abjectus</strong></span> <span class='ocrx_word' id='word_1_201' title='bbox 1181 3444 1423 3544; x_wconf 86' lang='lat' dir='ltr'><strong>spectantibus</strong></span> 
     </span>
     <span class='ocr_line' id='line_1_26' title="bbox 350 3558 1424 3669; baseline -0.01 -27"><span class='ocrx_word' id='word_1_202' title='bbox 350 3604 367 3647; x_wconf 79' lang='lat' dir='ltr'><strong>u</strong></span> <span class='ocrx_word' id='word_1_203' title='bbox 385 3571 454 3644; x_wconf 91' lang='lat' dir='ltr'><strong>nisi</strong></span> <span class='ocrx_word' id='word_1_204' title='bbox 471 3568 714 3669; x_wconf 88' lang='lat' dir='ltr'><strong>spectaculum</strong></span> <span class='ocrx_word' id='word_1_205' title='bbox 735 3590 812 3638; x_wconf 91' lang='lat' dir='ltr'><strong>esse</strong></span> <span class='ocrx_word' id='word_1_206' title='bbox 831 3564 983 3664; x_wconf 78' lang='lat' dir='ltr'><strong>potero?</strong></span> <span class='ocrx_word' id='word_1_207' title='bbox 1003 3569 1137 3660; x_wconf 87' lang='lat' dir='ltr'><strong>Tangat</strong></span> <span class='ocrx_word' id='word_1_208' title='bbox 1150 3587 1215 3634; x_wconf 84' lang='lat' dir='ltr'><strong>vos</strong></span> <span class='ocrx_word' id='word_1_209' title='bbox 1230 3561 1348 3659; x_wconf 81' lang='lat' dir='ltr'><strong>aliqua</strong></span> <span class='ocrx_word' id='word_1_210' title='bbox 1359 3558 1424 3632; x_wconf 94' lang='lat' dir='ltr'><strong>hu-</strong></span> 
     </span>
     <span class='ocr_line' id='line_1_27' title="bbox 352 3677 1424 3782; baseline -0.01 -22"><span class='ocrx_word' id='word_1_211' title='bbox 352 3723 370 3761; x_wconf 77' lang='lat' dir='ltr'><strong>n</strong></span> <span class='ocrx_word' id='word_1_212' title='bbox 387 3689 565 3762; x_wconf 91' lang='lat' dir='ltr'><strong>manitatis</strong></span> <span class='ocrx_word' id='word_1_213' title='bbox 586 3685 778 3759; x_wconf 88' lang='lat' dir='ltr'><strong>miseratio.</strong></span> <span class='ocrx_word' id='word_1_214' title='bbox 803 3681 1057 3782; x_wconf 80' lang='lat' dir='ltr'><strong>Competimini</strong></span> <span class='ocrx_word' id='word_1_215' title='bbox 1081 3678 1187 3752; x_wconf 88' lang='lat' dir='ltr'><strong>tantis</strong></span> <span class='ocrx_word' id='word_1_216' title='bbox 1208 3677 1344 3773; x_wconf 89' lang='lat' dir='ltr'><strong>injuriis</strong></span> <span class='ocrx_word' id='word_1_217' title='bbox 1358 3677 1424 3749; x_wconf 82' lang='lat' dir='ltr'><strong>-fa-</strong></span> 
     </span>
     <span class='ocr_line' id='line_1_28' title="bbox 353 3809 574 3906; baseline 0 -29"><span class='ocrx_word' id='word_1_218' title='bbox 353 3809 508 3906; x_wconf 81' lang='lat' dir='ltr'><strong>utigato.</strong></span> <span class='ocrx_word' id='word_1_219' title='bbox 521 3833 539 3870; x_wconf 78' lang='lat' dir='ltr'><strong>&gt;r</strong></span> <span class='ocrx_word' id='word_1_220' title='bbox 567 3822 574 3860; x_wconf 63' lang='lat' dir='ltr'><strong>t</strong></span> 
     </span>
    </p>
   </div>
   <div class='ocr_carea' id='block_1_4' title="bbox 0 0 1689 5296">
    <p class='ocr_par' dir='ltr' id='par_1_4' title="bbox 0 0 1689 5296">
     <span class='ocr_line' id='line_1_29' title="bbox 0 0 1689 5296; baseline 0 0"><span class='ocrx_word' id='word_1_221' title='bbox 0 0 1689 5296; x_wconf 95' lang='lat' dir='ltr'><strong> </strong></span> 
     </span>
    </p>
   </div>
  </div>
 </body>
</html>
