<?xml version="1.0" encoding="UTF-8"?>
<!DOCTYPE html PUBLIC "-//W3C//DTD XHTML 1.0 Transitional//EN"
    "http://www.w3.org/TR/xhtml1/DTD/xhtml1-transitional.dtd">
<html xmlns="http://www.w3.org/1999/xhtml" xml:lang="en" lang="en">
 <head>
  <title>
</title>
<meta http-equiv="Content-Type" content="text/html;charset=utf-8" />
  <meta name='ocr-system' content='tesseract 3.04.00' />
  <meta name='ocr-capabilities' content='ocr_page ocr_carea ocr_par ocr_line ocrx_word'/>
</head>
<body>
  <div class='ocr_page' id='page_1' title='image "./richerhistoired01parigoog_0268.png"; bbox 0 0 3324 5298; ppageno 0'>
   <div class='ocr_carea' id='block_1_1' title="bbox 353 527 1062 601">
    <p class='ocr_par' dir='ltr' id='par_1_1' title="bbox 353 527 1062 601">
     <span class='ocr_line' id='line_1_1' title="bbox 353 527 1062 601; baseline -0.018 -1"><span class='ocrx_word' id='word_1_1' title='bbox 353 538 413 601; x_wconf 74' lang='lat'>238</span> <span class='ocrx_word' id='word_1_2' title='bbox 715 529 883 594; x_wconf 78' lang='lat' dir='ltr'>arcuum</span> <span class='ocrx_word' id='word_1_3' title='bbox 906 529 980 594; x_wconf 85' lang='lat' dir='ltr'>LlB.</span> <span class='ocrx_word' id='word_1_4' title='bbox 1006 527 1062 590; x_wconf 86' lang='lat' dir='ltr'>lv.</span> 
     </span>
    </p>
   </div>
   <div class='ocr_carea' id='block_1_2' title="bbox 354 659 1434 1704">
    <p class='ocr_par' dir='ltr' id='par_1_2' title="bbox 354 659 1434 1704">
     <span class='ocr_line' id='line_1_2' title="bbox 355 659 1430 757; baseline -0.002 -22"><span class='ocrx_word' id='word_1_5' title='bbox 355 698 373 738; x_wconf 74' lang='grc' dir='ltr'>ι(</span> <span class='ocrx_word' id='word_1_6' title='bbox 394 693 486 741; x_wconf 91' lang='lat' dir='ltr'>cam.</span> <span class='ocrx_word' id='word_1_7' title='bbox 503 666 626 757; x_wconf 92' lang='lat' dir='ltr'>Dudo,</span> <span class='ocrx_word' id='word_1_8' title='bbox 639 666 759 739; x_wconf 90' lang='lat' dir='ltr'>Karoli</span> <span class='ocrx_word' id='word_1_9' title='bbox 775 663 888 749; x_wconf 91' lang='lat' dir='ltr'>miles,</span> <span class='ocrx_word' id='word_1_10' title='bbox 910 663 1073 734; x_wconf 85' lang='lat' dir='ltr'><strong>hortatus</strong></span> <span class='ocrx_word' id='word_1_11' title='bbox 1090 674 1197 732; x_wconf 89' lang='lat' dir='ltr'>estut</span> <span class='ocrx_word' id='word_1_12' title='bbox 1218 660 1314 732; x_wconf 88' lang='lat' dir='ltr'>hanc</span> <span class='ocrx_word' id='word_1_13' title='bbox 1332 659 1430 733; x_wconf 92' lang='lat' dir='ltr'>unde</span> 
     </span>
     <span class='ocr_line' id='line_1_3' title="bbox 354 776 1429 882; baseline -0.003 -29"><span class='ocrx_word' id='word_1_14' title='bbox 354 816 372 853; x_wconf 75' lang='lat' dir='ltr'>u</span> <span class='ocrx_word' id='word_1_15' title='bbox 393 786 453 857; x_wconf 92' lang='lat' dir='ltr'>hic</span> <span class='ocrx_word' id='word_1_16' title='bbox 481 784 635 881; x_wconf 89' lang='lat' dir='ltr'>quaeritis</span> <span class='ocrx_word' id='word_1_17' title='bbox 667 782 911 882; x_wconf 88' lang='lat' dir='ltr'><strong>proditionem</strong></span> <span class='ocrx_word' id='word_1_18' title='bbox 938 778 1169 876; x_wconf 83' lang='lat' dir='ltr'>aggrederer,</span> <span class='ocrx_word' id='word_1_19' title='bbox 1198 778 1248 848; x_wconf 91' lang='lat' dir='ltr'>sic</span> <span class='ocrx_word' id='word_1_20' title='bbox 1279 776 1429 850; x_wconf 91' lang='lat' dir='ltr'>domino</span> 
     </span>
     <span class='ocr_line' id='line_1_4' title="bbox 355 893 1428 1000; baseline -0.006 -30"><span class='ocrx_word' id='word_1_21' title='bbox 355 933 373 970; x_wconf 72' lang='grc' dir='ltr'>ι(</span> <span class='ocrx_word' id='word_1_22' title='bbox 395 927 477 973; x_wconf 91' lang='lat' dir='ltr'>meo</span> <span class='ocrx_word' id='word_1_23' title='bbox 504 901 645 1000; x_wconf 91' lang='lat' dir='ltr'>placere</span> <span class='ocrx_word' id='word_1_24' title='bbox 661 901 811 997; x_wconf 87' lang='lat' dir='ltr'>juratus.</span> <span class='ocrx_word' id='word_1_25' title='bbox 838 896 943 969; x_wconf 91' lang='lat' dir='ltr'>Unde</span> <span class='ocrx_word' id='word_1_26' title='bbox 966 920 1049 968; x_wconf 92' lang='lat' dir='ltr'>cum</span> <span class='ocrx_word' id='word_1_27' title='bbox 1072 896 1104 966; x_wconf 94' lang='lat' dir='ltr'>ei</span> <span class='ocrx_word' id='word_1_28' title='bbox 1130 919 1206 966; x_wconf 94' lang='lat' dir='ltr'>non</span> <span class='ocrx_word' id='word_1_29' title='bbox 1224 893 1428 984; x_wconf 86' lang='lat' dir='ltr'>crederem,</span> 
     </span>
     <span class='ocr_line' id='line_1_5' title="bbox 355 1009 1431 1116; baseline -0.006 -30"><span class='ocrx_word' id='word_1_30' title='bbox 355 1049 373 1086; x_wconf 80' lang='lat' dir='ltr'>u</span> <span class='ocrx_word' id='word_1_31' title='bbox 395 1019 585 1090; x_wconf 89' lang='lat' dir='ltr'>dominum</span> <span class='ocrx_word' id='word_1_32' title='bbox 611 1042 733 1088; x_wconf 91' lang='lat' dir='ltr'>meum</span> <span class='ocrx_word' id='word_1_33' title='bbox 754 1040 821 1116; x_wconf 87' lang='lat' dir='ltr'>per</span> <span class='ocrx_word' id='word_1_34' title='bbox 844 1039 901 1086; x_wconf 92' lang='lat' dir='ltr'>me</span> <span class='ocrx_word' id='word_1_35' title='bbox 928 1012 1154 1110; x_wconf 82' lang='lat' dir='ltr'>interrogavi.</span> <span class='ocrx_word' id='word_1_36' title='bbox 1184 1014 1268 1083; x_wconf 91' lang='lat' dir='ltr'>Sese</span> <span class='ocrx_word' id='word_1_37' title='bbox 1293 1011 1331 1083; x_wconf 94' lang='lat' dir='ltr'>id</span> <span class='ocrx_word' id='word_1_38' title='bbox 1354 1009 1431 1082; x_wconf 84' lang='lat' dir='ltr'>fieri</span> 
     </span>
     <span class='ocr_line' id='line_1_6' title="bbox 355 1123 1432 1234; baseline -0.005 -31"><span class='ocrx_word' id='word_1_39' title='bbox 355 1166 373 1204; x_wconf 75' lang='grc' dir='ltr'>α</span> <span class='ocrx_word' id='word_1_40' title='bbox 394 1123 486 1207; x_wconf 79' lang='lat' dir='ltr'>velle</span> <span class='ocrx_word' id='word_1_41' title='bbox 499 1133 696 1234; x_wconf 90' lang='lat' dir='ltr'>respondit.</span> <span class='ocrx_word' id='word_1_42' title='bbox 713 1139 759 1204; x_wconf 90' lang='lat' dir='ltr'>Ut</span> <span class='ocrx_word' id='word_1_43' title='bbox 774 1147 894 1203; x_wconf 91' lang='lat' dir='ltr'>autem</span> <span class='ocrx_word' id='word_1_44' title='bbox 905 1130 976 1202; x_wconf 92' lang='lat' dir='ltr'>hoc</span> <span class='ocrx_word' id='word_1_45' title='bbox 991 1129 1148 1202; x_wconf 90' lang='lat' dir='ltr'>dedecus</span> <span class='ocrx_word' id='word_1_46' title='bbox 1161 1129 1277 1230; x_wconf 91' lang='lat' dir='ltr'>speeie</span> <span class='ocrx_word' id='word_1_47' title='bbox 1289 1126 1432 1199; x_wconf 86' lang='lat' dir='ltr'>honesti</span> 
     </span>
     <span class='ocr_line' id='line_1_7' title="bbox 356 1244 1434 1346; baseline -0.005 -26"><span class='ocrx_word' id='word_1_48' title='bbox 356 1283 374 1322; x_wconf 86' lang='lat'><strong><em>«</em></strong></span> <span class='ocrx_word' id='word_1_49' title='bbox 396 1253 586 1343; x_wconf 89' lang='lat' dir='ltr'>velaretur,</span> <span class='ocrx_word' id='word_1_50' title='bbox 606 1251 739 1322; x_wconf 87' lang='lat' dir='ltr'>Karolo</span> <span class='ocrx_word' id='word_1_51' title='bbox 755 1274 882 1321; x_wconf 90' lang='lat' dir='ltr'>manus</span> <span class='ocrx_word' id='word_1_52' title='bbox 898 1248 999 1340; x_wconf 89' lang='lat' dir='ltr'>dedi;</span> <span class='ocrx_word' id='word_1_53' title='bbox 1014 1247 1160 1346; x_wconf 87' lang='lat' dir='ltr'>ejusque</span> <span class='ocrx_word' id='word_1_54' title='bbox 1173 1246 1298 1337; x_wconf 85' lang='lat' dir='ltr'>factus,</span> <span class='ocrx_word' id='word_1_55' title='bbox 1312 1244 1434 1343; x_wconf 91' lang='lat' dir='ltr'>prodi-</span> 
     </span>
     <span class='ocr_line' id='line_1_8' title="bbox 358 1362 1431 1468; baseline -0.006 -30"><span class='ocrx_word' id='word_1_56' title='bbox 358 1400 375 1438; x_wconf 84' lang='lat'>«</span> <span class='ocrx_word' id='word_1_57' title='bbox 397 1371 533 1442; x_wconf 92' lang='lat' dir='ltr'>tionem</span> <span class='ocrx_word' id='word_1_58' title='bbox 548 1394 613 1468; x_wconf 91' lang='lat' dir='ltr'>per</span> <span class='ocrx_word' id='word_1_59' title='bbox 632 1382 895 1440; x_wconf 90' lang='lat' dir='ltr'>sacramentum</span> <span class='ocrx_word' id='word_1_60' title='bbox 912 1365 1105 1466; x_wconf 87' lang='lat' dir='ltr'>spopondi.</span> <span class='ocrx_word' id='word_1_61' title='bbox 1127 1368 1171 1435; x_wconf 92' lang='lat' dir='ltr'>Et</span> <span class='ocrx_word' id='word_1_62' title='bbox 1185 1363 1251 1435; x_wconf 83' lang='lat' dir='ltr'>leci</span> <span class='ocrx_word' id='word_1_63' title='bbox 1263 1362 1431 1461; x_wconf 92' lang='lat' dir='ltr'>quidem,</span> 
     </span>
     <span class='ocr_line' id='line_1_9' title="bbox 358 1479 1432 1581; baseline 0 -28"><span class='ocrx_word' id='word_1_64' title='bbox 358 1523 375 1554; x_wconf 69' lang='lat' dir='ltr'>u</span> <span class='ocrx_word' id='word_1_65' title='bbox 398 1486 462 1559; x_wconf 92' lang='lat' dir='ltr'>sed</span> <span class='ocrx_word' id='word_1_66' title='bbox 484 1511 561 1558; x_wconf 92' lang='lat' dir='ltr'>non</span> <span class='ocrx_word' id='word_1_67' title='bbox 588 1485 754 1581; x_wconf 88' lang='lat' dir='ltr'>injussus.</span> <span class='ocrx_word' id='word_1_68' title='bbox 782 1483 891 1571; x_wconf 92' lang='lat' dir='ltr'>Quod</span> <span class='ocrx_word' id='word_1_69' title='bbox 909 1484 938 1554; x_wconf 90' lang='lat' dir='ltr'>si</span> <span class='ocrx_word' id='word_1_70' title='bbox 958 1481 1062 1556; x_wconf 88' lang='lat' dir='ltr'>vobis</span> <span class='ocrx_word' id='word_1_71' title='bbox 1093 1480 1221 1554; x_wconf 77' lang='lat' dir='ltr'>salsum</span> <span class='ocrx_word' id='word_1_72' title='bbox 1244 1479 1432 1570; x_wconf 89' lang='lat' dir='ltr'>videatur,</span> 
     </span>
     <span class='ocr_line' id='line_1_10' title="bbox 359 1597 1310 1704; baseline -0.008 -33"><span class='ocrx_word' id='word_1_73' title='bbox 359 1634 376 1672; x_wconf 72' lang='lat' dir='ltr'>a</span> <span class='ocrx_word' id='word_1_74' title='bbox 398 1619 542 1704; x_wconf 90' lang='lat' dir='ltr'>paratus</span> <span class='ocrx_word' id='word_1_75' title='bbox 556 1629 636 1676; x_wconf 91' lang='lat' dir='ltr'>sum</span> <span class='ocrx_word' id='word_1_76' title='bbox 650 1604 773 1675; x_wconf 90' lang='lat' dir='ltr'>omnia</span> <span class='ocrx_word' id='word_1_77' title='bbox 780 1601 994 1698; x_wconf 83' lang='lat' dir='ltr'>juditiorum</span> <span class='ocrx_word' id='word_1_78' title='bbox 1003 1623 1133 1698; x_wconf 88' lang='lat' dir='ltr'>genera</span> <span class='ocrx_word' id='word_1_79' title='bbox 1146 1597 1276 1672; x_wconf 89' lang='lat' dir='ltr'>subire.</span> <span class='ocrx_word' id='word_1_80' title='bbox 1292 1629 1310 1664; x_wconf 74' lang='lat' dir='ltr'>a</span> 
     </span>
    </p>
   </div>
   <div class='ocr_carea' id='block_1_3' title="bbox 393 1969 1402 2140">
    <p class='ocr_par' dir='ltr' id='par_1_3' title="bbox 393 1969 1402 2140">
     <span class='ocr_line' id='line_1_11' title="bbox 393 1969 1402 2028; baseline -0.005 0"><span class='ocrx_word' id='word_1_81' title='bbox 393 1975 496 2028; x_wconf 51' lang='lat' dir='ltr'>luxui.</span> <span class='ocrx_word' id='word_1_82' title='bbox 506 1975 640 2028; x_wconf 84' lang='lat' dir='ltr'>—Brevis</span> <span class='ocrx_word' id='word_1_83' title='bbox 651 1977 700 2027; x_wconf 79' lang='lat' dir='ltr'>et*</span> <span class='ocrx_word' id='word_1_84' title='bbox 712 1969 855 2027; x_wconf 70' lang='lat' dir='ltr'>dilucida*</span> <span class='ocrx_word' id='word_1_85' title='bbox 870 1971 1083 2026; x_wconf 71' lang='lat' dir='ltr'>demonstratio*</span> <span class='ocrx_word' id='word_1_86' title='bbox 1097 1969 1236 2025; x_wconf 76' lang='lat' dir='ltr'>criminis*</span> <span class='ocrx_word' id='word_1_87' title='bbox 1250 1991 1266 2024; x_wconf 88' lang='lat' dir='ltr'>a</span> <span class='ocrx_word' id='word_1_88' title='bbox 1277 1969 1402 2024; x_wconf 80' lang='lat' dir='ltr'>Guidone</span> 
     </span>
     <span class='ocr_line' id='line_1_12' title="bbox 810 2069 972 2140; baseline -0.012 -18"><span class='ocrx_word' id='word_1_89' title='bbox 810 2071 936 2140; x_wconf 83' lang='lat' dir='ltr'>episcopo</span> <span class='ocrx_word' id='word_1_90' title='bbox 946 2069 972 2120; x_wconf 79' lang='lat'>*.</span> 
     </span>
    </p>
   </div>
   <div class='ocr_carea' id='block_1_4' title="bbox 276 2226 1448 4204">
    <p class='ocr_par' dir='ltr' id='par_1_4' title="bbox 276 2226 1448 4204">
     <span class='ocr_line' id='line_1_13' title="bbox 406 2226 1440 2325; baseline -0.004 -23"><span class='ocrx_word' id='word_1_91' title='bbox 406 2230 539 2320; x_wconf 92' lang='lat' dir='ltr'>Guido,</span> <span class='ocrx_word' id='word_1_92' title='bbox 552 2229 815 2301; x_wconf 80' lang='lat' dir='ltr'>suessionensis</span> <span class='ocrx_word' id='word_1_93' title='bbox 829 2227 1031 2325; x_wconf 91' lang='lat' dir='ltr'>episcopus,</span> <span class='ocrx_word' id='word_1_94' title='bbox 1042 2226 1130 2299; x_wconf 87' lang='lat' dir='ltr'>dixit</span> <span class='ocrx_word' id='word_1_95' title='bbox 1142 2255 1149 2297; x_wconf 91' lang='lat'><strong>:</strong></span> <span class='ocrx_word' id='word_1_96' title='bbox 1163 2257 1181 2296; x_wconf 73' lang='lat' dir='ltr'>a</span> <span class='ocrx_word' id='word_1_97' title='bbox 1195 2233 1241 2300; x_wconf 94' lang='lat' dir='ltr'>Ut</span> <span class='ocrx_word' id='word_1_98' title='bbox 1252 2227 1313 2298; x_wconf 91' lang='lat' dir='ltr'>hic</span> <span class='ocrx_word' id='word_1_99' title='bbox 1328 2252 1371 2299; x_wconf 87' lang='lat' dir='ltr'>ex</span> <span class='ocrx_word' id='word_1_100' title='bbox 1382 2251 1440 2298; x_wconf 89' lang='lat' dir='ltr'>ra-</span> 
     </span>
     <span class='ocr_line' id='line_1_14' title="bbox 361 2333 1439 2442; baseline 0.004 -29"><span class='ocrx_word' id='word_1_101' title='bbox 361 2333 497 2418; x_wconf 85' lang='lat' dir='ltr'>«tione</span> <span class='ocrx_word' id='word_1_102' title='bbox 525 2343 633 2440; x_wconf 87' lang='lat' dir='ltr'>hujus</span> <span class='ocrx_word' id='word_1_103' title='bbox 669 2343 887 2442; x_wconf 84' lang='lat' dir='ltr'>intelligitur,</span> <span class='ocrx_word' id='word_1_104' title='bbox 921 2345 1026 2416; x_wconf 92' lang='lat' dir='ltr'>unius</span> <span class='ocrx_word' id='word_1_105' title='bbox 1056 2359 1175 2416; x_wconf 90' lang='lat' dir='ltr'>reatus</span> <span class='ocrx_word' id='word_1_106' title='bbox 1205 2344 1295 2417; x_wconf 87' lang='lat' dir='ltr'>forte</span> <span class='ocrx_word' id='word_1_107' title='bbox 1330 2343 1439 2417; x_wconf 90' lang='lat' dir='ltr'>ambo</span> 
     </span>
     <span class='ocr_line' id='line_1_15' title="bbox 362 2458 1440 2548; baseline 0.002 -20"><span class='ocrx_word' id='word_1_108' title='bbox 362 2491 380 2529; x_wconf 74' lang='lat' dir='ltr'>a</span> <span class='ocrx_word' id='word_1_109' title='bbox 403 2474 582 2532; x_wconf 91' lang='lat' dir='ltr'>tenentur.</span> <span class='ocrx_word' id='word_1_110' title='bbox 616 2464 707 2530; x_wconf 91' lang='lat' dir='ltr'>Nam</span> <span class='ocrx_word' id='word_1_111' title='bbox 731 2484 816 2530; x_wconf 91' lang='lat' dir='ltr'>cum</span> <span class='ocrx_word' id='word_1_112' title='bbox 840 2458 900 2530; x_wconf 93' lang='lat' dir='ltr'>hic</span> <span class='ocrx_word' id='word_1_113' title='bbox 924 2483 1000 2533; x_wconf 90' lang='lat' dir='ltr'>sese</span> <span class='ocrx_word' id='word_1_114' title='bbox 1021 2459 1177 2532; x_wconf 83' lang='lat' dir='ltr'>effecisse</span> <span class='ocrx_word' id='word_1_115' title='bbox 1195 2474 1344 2548; x_wconf 91' lang='lat' dir='ltr'>asserat,</span> <span class='ocrx_word' id='word_1_116' title='bbox 1363 2484 1440 2530; x_wconf 92' lang='lat' dir='ltr'>non</span> 
     </span>
     <span class='ocr_line' id='line_1_16' title="bbox 363 2574 1441 2676; baseline 0.002 -30"><span class='ocrx_word' id='word_1_117' title='bbox 363 2609 381 2646; x_wconf 73' lang='grc' dir='ltr'>α</span> <span class='ocrx_word' id='word_1_118' title='bbox 403 2594 456 2652; x_wconf 89' lang='lat' dir='ltr'>est</span> <span class='ocrx_word' id='word_1_119' title='bbox 469 2577 640 2650; x_wconf 90' lang='lat' dir='ltr'>immunis</span> <span class='ocrx_word' id='word_1_120' title='bbox 658 2576 734 2673; x_wconf 90' lang='lat' dir='ltr'>ejus</span> <span class='ocrx_word' id='word_1_121' title='bbox 748 2574 917 2647; x_wconf 92' lang='lat' dir='ltr'>dominus</span> <span class='ocrx_word' id='word_1_122' title='bbox 932 2576 994 2673; x_wconf 93' lang='lat' dir='ltr'>qui</span> <span class='ocrx_word' id='word_1_123' title='bbox 1005 2575 1140 2648; x_wconf 88' lang='lat' dir='ltr'>facinus</span> <span class='ocrx_word' id='word_1_124' title='bbox 1159 2575 1441 2676; x_wconf 89' lang='lat' dir='ltr'>perpetrandum</span> 
     </span>
     <span class='ocr_line' id='line_1_17' title="bbox 276 2692 1437 2793; baseline 0 -29"><span class='ocrx_word' id='word_1_125' title='bbox 276 2737 277 2742; x_wconf 20' lang='grc' dir='ltr'><strong>κ</strong></span> <span class='ocrx_word' id='word_1_126' title='bbox 363 2726 381 2764; x_wconf 75' lang='lat' dir='ltr'>a</span> <span class='ocrx_word' id='word_1_127' title='bbox 403 2694 531 2786; x_wconf 91' lang='lat' dir='ltr'>suasit,</span> <span class='ocrx_word' id='word_1_128' title='bbox 549 2719 593 2765; x_wconf 90' lang='lat' dir='ltr'>eo</span> <span class='ocrx_word' id='word_1_129' title='bbox 610 2692 711 2791; x_wconf 94' lang='lat' dir='ltr'>quod</span> <span class='ocrx_word' id='word_1_130' title='bbox 728 2692 868 2764; x_wconf 87' lang='lat' dir='ltr'>sceleris</span> <span class='ocrx_word' id='word_1_131' title='bbox 881 2716 1027 2766; x_wconf 86' lang='lat' dir='ltr'>causam</span> <span class='ocrx_word' id='word_1_132' title='bbox 1046 2717 1084 2765; x_wconf 91' lang='lat' dir='ltr'>se</span> <span class='ocrx_word' id='word_1_133' title='bbox 1098 2693 1219 2792; x_wconf 91' lang='lat' dir='ltr'>ipsum</span> <span class='ocrx_word' id='word_1_134' title='bbox 1235 2693 1437 2793; x_wconf 69' lang='lat' dir='ltr'>praebuerit.</span> 
     </span>
     <span class='ocr_line' id='line_1_18' title="bbox 364 2807 1442 2906; baseline 0.006 -28"><span class='ocrx_word' id='word_1_135' title='bbox 364 2841 381 2878; x_wconf 77' lang='lat' dir='ltr'>u</span> <span class='ocrx_word' id='word_1_136' title='bbox 403 2812 584 2900; x_wconf 87' lang='lat' dir='ltr'>Quoniam</span> <span class='ocrx_word' id='word_1_137' title='bbox 594 2833 679 2905; x_wconf 91' lang='lat' dir='ltr'>ergo</span> <span class='ocrx_word' id='word_1_138' title='bbox 689 2807 874 2905; x_wconf 84' lang='lat' dir='ltr'>utriusque</span> <span class='ocrx_word' id='word_1_139' title='bbox 882 2809 1210 2906; x_wconf 84' lang='lat' dir='ltr'>negotiumjuditiis</span> <span class='ocrx_word' id='word_1_140' title='bbox 1219 2811 1442 2884; x_wconf 87' lang='lat' dir='ltr'>evidentibus</span> 
     </span>
     <span class='ocr_line' id='line_1_19' title="bbox 365 2917 1439 3017; baseline 0.005 -25"><span class='ocrx_word' id='word_1_141' title='bbox 365 2941 560 3015; x_wconf 86' lang='lat' dir='ltr'>«constat,</span> <span class='ocrx_word' id='word_1_142' title='bbox 581 2950 665 2996; x_wconf 91' lang='lat' dir='ltr'>cum</span> <span class='ocrx_word' id='word_1_143' title='bbox 688 2917 777 2995; x_wconf 92' lang='lat' dir='ltr'>alter</span> <span class='ocrx_word' id='word_1_144' title='bbox 796 2924 933 2996; x_wconf 84' lang='lat' dir='ltr'>facinus</span> <span class='ocrx_word' id='word_1_145' title='bbox 957 2927 1129 3017; x_wconf 84' lang='lat' dir='ltr'>suaserit,</span> <span class='ocrx_word' id='word_1_146' title='bbox 1152 2927 1240 3012; x_wconf 80' lang='lat' dir='ltr'>alter</span> <span class='ocrx_word' id='word_1_147' title='bbox 1261 2927 1439 3017; x_wconf 82' lang='lat' dir='ltr'>effecerit,</span> 
     </span>
     <span class='ocr_line' id='line_1_20' title="bbox 365 3025 1444 3147; baseline 0.007 -32"><span class='ocrx_word' id='word_1_148' title='bbox 365 3049 521 3145; x_wconf 78' lang='lat' dir='ltr'>«juditii</span> <span class='ocrx_word' id='word_1_149' title='bbox 543 3072 695 3120; x_wconf 86' lang='lat' dir='ltr'>censura</span> <span class='ocrx_word' id='word_1_150' title='bbox 717 3025 873 3120; x_wconf 86' lang='lat' dir='ltr'>vestram</span> <span class='ocrx_word' id='word_1_151' title='bbox 895 3050 1145 3147; x_wconf 88' lang='lat' dir='ltr'>paternitatem</span> <span class='ocrx_word' id='word_1_152' title='bbox 1170 3073 1245 3121; x_wconf 91' lang='lat' dir='ltr'>non</span> <span class='ocrx_word' id='word_1_153' title='bbox 1263 3050 1359 3123; x_wconf 88' lang='lat' dir='ltr'>latet.</span> <span class='ocrx_word' id='word_1_154' title='bbox 1382 3054 1444 3123; x_wconf 85' lang='lat' dir='ltr'>Est</span> 
     </span>
     <span class='ocr_line' id='line_1_21' title="bbox 364 3163 1444 3265; baseline 0.007 -33"><span class='ocrx_word' id='word_1_155' title='bbox 364 3194 383 3234; x_wconf 80' lang='lat' dir='ltr'>u</span> <span class='ocrx_word' id='word_1_156' title='bbox 405 3165 513 3237; x_wconf 91' lang='lat' dir='ltr'>etiam</span> <span class='ocrx_word' id='word_1_157' title='bbox 525 3163 626 3263; x_wconf 92' lang='lat' dir='ltr'>quod</span> <span class='ocrx_word' id='word_1_158' title='bbox 634 3163 766 3259; x_wconf 91' lang='lat' dir='ltr'>juditio</span> <span class='ocrx_word' id='word_1_159' title='bbox 778 3164 950 3236; x_wconf 86' lang='lat' dir='ltr'>habendo</span> <span class='ocrx_word' id='word_1_160' title='bbox 960 3167 1052 3237; x_wconf 89' lang='lat' dir='ltr'>vires</span> <span class='ocrx_word' id='word_1_161' title='bbox 1064 3165 1233 3264; x_wconf 79' lang='lat' dir='ltr'>praebeat,</span> <span class='ocrx_word' id='word_1_162' title='bbox 1245 3167 1347 3265; x_wconf 93' lang='lat' dir='ltr'>quod</span> <span class='ocrx_word' id='word_1_163' title='bbox 1360 3192 1444 3240; x_wconf 92' lang='lat' dir='ltr'>cum</span> 
     </span>
     <span class='ocr_line' id='line_1_22' title="bbox 364 3280 1443 3382; baseline 0.007 -33"><span class='ocrx_word' id='word_1_164' title='bbox 364 3313 384 3351; x_wconf 76' lang='lat' dir='ltr'>n</span> <span class='ocrx_word' id='word_1_165' title='bbox 404 3284 479 3382; x_wconf 91' lang='lat' dir='ltr'>ipse</span> <span class='ocrx_word' id='word_1_166' title='bbox 493 3283 683 3380; x_wconf 91' lang='lat' dir='ltr'>episcopus</span> <span class='ocrx_word' id='word_1_167' title='bbox 700 3280 915 3379; x_wconf 86' lang='lat' dir='ltr'>proditionis</span> <span class='ocrx_word' id='word_1_168' title='bbox 931 3296 1056 3353; x_wconf 87' lang='lat' dir='ltr'>auctor</span> <span class='ocrx_word' id='word_1_169' title='bbox 1070 3284 1258 3375; x_wconf 83' lang='lat' dir='ltr'>exstiterit,</span> <span class='ocrx_word' id='word_1_170' title='bbox 1285 3299 1326 3356; x_wconf 89' lang='lat' dir='ltr'>ut</span> <span class='ocrx_word' id='word_1_171' title='bbox 1338 3310 1443 3357; x_wconf 90' lang='lat' dir='ltr'>suum</span> 
     </span>
     <span class='ocr_line' id='line_1_23' title="bbox 364 3398 1443 3502; baseline 0.004 -34"><span class='ocrx_word' id='word_1_172' title='bbox 364 3431 383 3469; x_wconf 75' lang='lat' dir='ltr'>a</span> <span class='ocrx_word' id='word_1_173' title='bbox 405 3399 579 3498; x_wconf 84' lang='lat' dir='ltr'>llagitium</span> <span class='ocrx_word' id='word_1_174' title='bbox 598 3398 755 3470; x_wconf 91' lang='lat' dir='ltr'>melioris</span> <span class='ocrx_word' id='word_1_175' title='bbox 770 3398 836 3470; x_wconf 89' lang='lat' dir='ltr'>zeli</span> <span class='ocrx_word' id='word_1_176' title='bbox 849 3398 988 3502; x_wconf 83' lang='lat' dir='ltr'>fervore</span> <span class='ocrx_word' id='word_1_177' title='bbox 1002 3405 1147 3498; x_wconf 81' lang='lat' dir='ltr'>tegeret,</span> <span class='ocrx_word' id='word_1_178' title='bbox 1165 3400 1286 3474; x_wconf 81' lang='lat' dir='ltr'>multae</span> <span class='ocrx_word' id='word_1_179' title='bbox 1299 3426 1443 3474; x_wconf 84' lang='lat' dir='ltr'>excom·</span> 
     </span>
     <span class='ocr_line' id='line_1_24' title="bbox 364 3515 1444 3618; baseline 0.005 -33"><span class='ocrx_word' id='word_1_180' title='bbox 364 3549 384 3587; x_wconf 88' lang='lat'>«</span> <span class='ocrx_word' id='word_1_181' title='bbox 405 3518 657 3589; x_wconf 88' lang='lat' dir='ltr'>municationis</span> <span class='ocrx_word' id='word_1_182' title='bbox 671 3532 705 3589; x_wconf 92' lang='lat' dir='ltr'>et</span> <span class='ocrx_word' id='word_1_183' title='bbox 722 3515 983 3589; x_wconf 89' lang='lat' dir='ltr'>maledictionis</span> <span class='ocrx_word' id='word_1_184' title='bbox 997 3518 1235 3610; x_wconf 89' lang='lat' dir='ltr'>anathemate,</span> <span class='ocrx_word' id='word_1_185' title='bbox 1258 3543 1444 3618; x_wconf 92' lang='lat' dir='ltr'>acorpore</span> 
     </span>
     <span class='ocr_line' id='line_1_25' title="bbox 366 3634 1445 3734; baseline 0.006 -32"><span class='ocrx_word' id='word_1_186' title='bbox 366 3666 385 3702; x_wconf 88' lang='lat'>«</span> <span class='ocrx_word' id='word_1_187' title='bbox 407 3650 443 3707; x_wconf 90' lang='lat' dir='ltr'>et</span> <span class='ocrx_word' id='word_1_188' title='bbox 456 3636 627 3732; x_wconf 89' lang='lat' dir='ltr'>sanguine</span> <span class='ocrx_word' id='word_1_189' title='bbox 639 3635 788 3706; x_wconf 90' lang='lat' dir='ltr'>Domini</span> <span class='ocrx_word' id='word_1_190' title='bbox 801 3637 994 3734; x_wconf 88' lang='lat' dir='ltr'>separavit,</span> <span class='ocrx_word' id='word_1_191' title='bbox 1017 3651 1123 3734; x_wconf 90' lang='lat' dir='ltr'>atque</span> <span class='ocrx_word' id='word_1_192' title='bbox 1137 3635 1183 3708; x_wconf 90' lang='lat' dir='ltr'>ab</span> <span class='ocrx_word' id='word_1_193' title='bbox 1197 3636 1347 3712; x_wconf 89' lang='lat' dir='ltr'>ecclesia</span> <span class='ocrx_word' id='word_1_194' title='bbox 1359 3634 1445 3708; x_wconf 87' lang='lat' dir='ltr'>fide-</span> 
     </span>
     <span class='ocr_line' id='line_1_26' title="bbox 366 3750 1441 3852; baseline 0.003 -32"><span class='ocrx_word' id='word_1_195' title='bbox 366 3752 495 3824; x_wconf 87' lang='lat' dir='ltr'>«lium</span> <span class='ocrx_word' id='word_1_196' title='bbox 520 3750 724 3849; x_wconf 89' lang='lat' dir='ltr'>suspendit,</span> <span class='ocrx_word' id='word_1_197' title='bbox 757 3753 986 3826; x_wconf 88' lang='lat' dir='ltr'>Remensium</span> <span class='ocrx_word' id='word_1_198' title='bbox 1019 3753 1231 3852; x_wconf 86' lang='lat' dir='ltr'>praedonum</span> <span class='ocrx_word' id='word_1_199' title='bbox 1258 3769 1441 3843; x_wconf 86' lang='lat' dir='ltr'>auctores,</span> 
     </span>
     <span class='ocr_line' id='line_1_27' title="bbox 366 3867 1446 3969; baseline 0.007 -35"><span class='ocrx_word' id='word_1_200' title='bbox 366 3897 384 3935; x_wconf 78' lang='lat' dir='ltr'>tt</span> <span class='ocrx_word' id='word_1_201' title='bbox 406 3867 577 3958; x_wconf 84' lang='lat' dir='ltr'>factores,</span> <span class='ocrx_word' id='word_1_202' title='bbox 601 3883 875 3966; x_wconf 91' lang='lat' dir='ltr'>cooperatores,</span> <span class='ocrx_word' id='word_1_203' title='bbox 901 3869 1078 3961; x_wconf 84' lang='lat' dir='ltr'>fautores,</span> <span class='ocrx_word' id='word_1_204' title='bbox 1102 3886 1138 3943; x_wconf 93' lang='lat' dir='ltr'>et</span> <span class='ocrx_word' id='word_1_205' title='bbox 1163 3872 1356 3969; x_wconf 88' lang='lat' dir='ltr'>apropriis</span> <span class='ocrx_word' id='word_1_206' title='bbox 1380 3870 1446 3942; x_wconf 96' lang='lat' dir='ltr'>do-</span> 
     </span>
     <span class='ocr_line' id='line_1_28' title="bbox 366 3983 1442 4084; baseline 0.008 -34"><span class='ocrx_word' id='word_1_207' title='bbox 366 4013 386 4051; x_wconf 73' lang='lat' dir='ltr'>a</span> <span class='ocrx_word' id='word_1_208' title='bbox 407 3983 514 4056; x_wconf 86' lang='lat' dir='ltr'>minis</span> <span class='ocrx_word' id='word_1_209' title='bbox 537 4007 677 4073; x_wconf 90' lang='lat' dir='ltr'>rerum,</span> <span class='ocrx_word' id='word_1_210' title='bbox 695 3983 763 4056; x_wconf 92' lang='lat' dir='ltr'>sub</span> <span class='ocrx_word' id='word_1_211' title='bbox 782 3985 976 4084; x_wconf 86' lang='lat' dir='ltr'>emptionis</span> <span class='ocrx_word' id='word_1_212' title='bbox 989 3989 1156 4080; x_wconf 91' lang='lat' dir='ltr'>nomine,</span> <span class='ocrx_word' id='word_1_213' title='bbox 1173 3987 1442 4060; x_wconf 86' lang='lat' dir='ltr'>abalienatores.</span> 
     </span>
     <span class='ocr_line' id='line_1_29' title="bbox 367 4100 1448 4204; baseline 0.01 -36"><span class='ocrx_word' id='word_1_214' title='bbox 367 4130 386 4169; x_wconf 80' lang='lat' dir='ltr'>n</span> <span class='ocrx_word' id='word_1_215' title='bbox 409 4100 479 4173; x_wconf 87' lang='lat' dir='ltr'>Sed</span> <span class='ocrx_word' id='word_1_216' title='bbox 492 4124 577 4174; x_wconf 90' lang='lat' dir='ltr'>cum</span> <span class='ocrx_word' id='word_1_217' title='bbox 590 4101 681 4174; x_wconf 88' lang='lat' dir='ltr'>tanti</span> <span class='ocrx_word' id='word_1_218' title='bbox 698 4100 784 4173; x_wconf 89' lang='lat' dir='ltr'>mali</span> <span class='ocrx_word' id='word_1_219' title='bbox 797 4103 987 4204; x_wconf 86' lang='lat' dir='ltr'>episcopus</span> <span class='ocrx_word' id='word_1_220' title='bbox 1000 4123 1124 4178; x_wconf 90' lang='lat' dir='ltr'>auctor</span> <span class='ocrx_word' id='word_1_221' title='bbox 1138 4106 1281 4197; x_wconf 83' lang='lat' dir='ltr'>existat,</span> <span class='ocrx_word' id='word_1_222' title='bbox 1303 4105 1448 4178; x_wconf 88' lang='lat' dir='ltr'>anathe-</span> 
     </span>
    </p>
   </div>
   <div class='ocr_carea' id='block_1_5' title="bbox 395 4299 961 4373">
    <p class='ocr_par' dir='ltr' id='par_1_5' title="bbox 395 4299 961 4373">
     <span class='ocr_line' id='line_1_30' title="bbox 395 4299 961 4373; baseline 0.004 -21"><span class='ocrx_word' id='word_1_223' title='bbox 395 4303 411 4335; x_wconf 75' lang='lat'><em>*</em></span> <span class='ocrx_word' id='word_1_224' title='bbox 430 4314 455 4353; x_wconf 86' lang='lat' dir='ltr'>et</span> <span class='ocrx_word' id='word_1_225' title='bbox 467 4299 510 4366; x_wconf 92' lang='lat' dir='ltr'>di,</span> <span class='ocrx_word' id='word_1_226' title='bbox 528 4319 606 4366; x_wconf 88' lang='lat' dir='ltr'>mon,</span> <span class='ocrx_word' id='word_1_227' title='bbox 621 4301 713 4367; x_wconf 82' lang='lat' dir='ltr'>minis,</span> <span class='ocrx_word' id='word_1_228' title='bbox 731 4303 842 4373; x_wconf 84' lang='lat' dir='ltr'>piscopo</span> <span class='ocrx_word' id='word_1_229' title='bbox 856 4303 961 4356; x_wconf 76' lang='lat' dir='ltr'>abscisa.</span> 
     </span>
    </p>
   </div>
   <div class='ocr_carea' id='block_1_6' title="bbox 0 0 1686 5298">
    <p class='ocr_par' dir='ltr' id='par_1_6' title="bbox 0 0 1686 5298">
     <span class='ocr_line' id='line_1_31' title="bbox 0 0 1686 5298; baseline 0 0"><span class='ocrx_word' id='word_1_230' title='bbox 0 0 1686 5298; x_wconf 95' lang='lat' dir='ltr'> </span> 
     </span>
    </p>
   </div>
  </div>
 </body>
</html>
