3320 5296
351 520 410 580 174
712 517 878 578 RlCHElll
900 516 976 578 LlB.
1003 517 1056 576 lv.

348 653 554 751 consopitos
576 651 847 744 intellexissent,
866 651 959 724 faces
979 649 1100 721 castris
1118 646 1307 717 immisere.
1330 645 1425 729 Quo·

348 795 429 842 rum
442 769 598 840 incendii
610 769 710 839 fumo
724 793 784 839 aer
797 767 978 856 densatus,
994 788 1069 837 non
1082 763 1199 834 solum
1211 760 1424 832 intuentium

347 887 481 958 visibus
501 903 591 958 tetra
609 886 793 984 nigredine
812 885 991 976 obstabat,
1021 898 1058 955 at
1077 882 1174 979 gravi
1198 896 1331 977 vapore
1356 903 1425 948 na-

349 1006 444 1076 rium
459 1020 505 1076 -et
529 1005 685 1075 faucium
709 1019 846 1076 meatus
875 991 1146 1074 intercludebat.
1179 996 1317 1070 Pedites
1342 1020 1425 1065 mox

349 1122 555 1214 vociferari,
577 1123 739 1220 clangere
753 1121 882 1193 milites
900 1146 1039 1220 cepere.
1061 1123 1133 1190 Rex
1147 1133 1182 1189 et
1203 1116 1266 1213 qui
1284 1138 1368 1217 curn
1382 1138 1425 1185 eo

349 1259 450 1316 erant
468 1244 727 1316 elementorum
745 1243 955 1315 confusione
973 1242 1159 1338 multoque
1172 1239 1332 1310 virorum
1357 1235 1427 1306 cla·

350 1387 451 1432 more
470 1374 506 1432 et
522 1360 690 1431 tubarum
708 1360 876 1455 clangore
891 1359 1038 1448 turbati,
1063 1356 1109 1428 ab
1123 1354 1212 1426 urbe
1226 1352 1328 1424 sedes
1348 1375 1433 1440 mu·-

350 1493 483 1549 tavere.
506 1482 595 1549 Nam
620 1491 733 1548 castra
761 1501 844 1547 curn
868 1476 956 1547 cibis
980 1491 1016 1548 et
1036 1474 1148 1546 'rebus
1173 1471 1341 1543 omnibus
1366 1467 1428 1540 ab·

351 1608 493 1693 sumpta
511 1593 664 1665 videbat.
693 1592 797 1665 Unde
817 1595 1011 1664 exercitum
1034 1591 1079 1663 ad
1099 1606 1240 1687 ternpus
1259 1586 1437 1659 reducere·

350 1709 543 1808 disposuit,
560 1725 600 1780 ut
624 1707 779 1779 reditum
790 1707 1029 1806 amplioribus
1049 1701 1266 1804 copiis-post
1280 1724 1428 1812 appara·

350 1843 416 1898 ret.
427 1823 522 1914 ,Quae
541 1826 662 1897 omnia
681 1827 819 1921 augusti
833 1841 995 1923 tempore
1009 1839 1146 1922 patrata
1160 1836 1254 1892 sunt.

529 2037 632 2089 XXIV.
647 2067 682 2078 -
694 2037 788 2089 Obitus
799 2036 972 2089 Adalberonis
982 2037 998 2071 *
1010 2036 1209 2126 ¹metropolitani
1217 2035 1243 2086 *.

401 2191 463 2276 His
473 2191 523 2262 ita
540 2191 657 2286 gestis,
674 2216 749 2262 non
758 2191 872 2263 multo
886 2206 967 2290 post
980 2190 1274 2288 metropolitanus
1287 2189 1324 2258 in
1339 2189 1429 2284 egri-

351 2306 516 2378 tudinem
534 2307 721 2399 decidens,
742 2333 821 2405 quae
843 2333 864 2378 a
888 2309 1011 2380 Grecis
1033 2333 1167 2379 causon
1188 2331 1210 2378 a
1231 2307 1362 2377 Latinis
1374 2306 1429 2375 in-

284 2454 287 2460 ·
352 2405 522 2494 cendium
536 2423 678 2515 dicitur,
700 2449 765 2523 per
781 2424 915 2522 legatos
929 2426 1015 2522 regi,
1033 2421 1119 2495 tunc
1133 2424 1253 2496 Parisii
1271 2431 1430 2496 commo·

352 2539 460 2629 ranti,
476 2538 664 2628 indicavit,
682 2563 757 2610 sese
775 2541 811 2610 in
831 2565 974 2637 gravem
987 2536 1427 2631 valitudinem‘decidiss63

352 2643 504 2727 undeet
524 2657 556 2727 ei
570 2654 903 2747 maturandum,'ne
923 2656 1074 2730 Karolus
1086 2657 1152 2754 qui
1162 2655 1278 2728 cetera
1301 2659 1431 2727 Remos

352 2772 459 2843 etiam
472 2770 695 2870 pervaderet.
718 2765 790 2857 Reii
804 2771 923 2843 accitis
935 2775 997 2871 qui
1014 2772 1180 2864 aderant,
1197 2797 1281 2844 mox
1294 2773 1345 2844 ire
1359 2771 1430 2876 dis·

351 2889 483 2986 posuit.
514 2891 596 2975 Quo
624 2889 661 2958 in
691 2889 816 2959 itinere
849 2890 1104 2988 aliquantisper
1132 2889 1315 2980 tardante,
1347 2915 1431 2960 cum

353 3004 648 3103 metropolitanus
666 3006 914 3077 insomnietate
944 3006 1120 3104 simulque
1142 3018 1177 3077 et
1200 3007 1328 3077 mentis
1350 3006 1432 3078 alie·

352 3111 498 3194 natione
516 3123 668 3193 nimium
681 3138 881 3216 vexaretur,
906 3113 1075 3222 nullaque
1101 3124 1181 3228 crisi
1206 3148 1331 3194 omnes
1355 3123 1432 3195 dies

353 3243 503 3314 creticos
524 3240 609 3332 huic
631 3241 821 3338 egritudini
844 3239 1057 3332 commodos
1077 3242 1287 3340 preteriret,
1318 3221 1432 3332 disso-

352 3356 447 3446 lutis·
469 3357 652 3450 elementis
689 3356 850 3429 debiturn
886 3358 1117 3429 humanitatis
1153 3365 1198 3431 ld
1233 3356 1304 3427 kal.
1339 3355 1427 3427 febr..

352 3472 512 3545 exsolvit.
530 3477 610 3560 Qua
623 3472 682 3544 die
695 3497 757 3544 rex
776 3457 1007 3573 tempestivus
1030 3472 1247 3564 adventans,
1264 3471 1352 3552 urbe
1376 3497 1432 3543 re-

352 3605 477 3689 ceptus
500 3605 564 3660 est.
577 3591 634 3670 111²-
645 3591 819 3688 exsequiis
836 3593 942 3663 etiam
961 3588 1139 3691 pontificis
1161 3589 1315 3688 plurima
1335 3614 1433 3660 com-

353 3705 581 3788 miseratione
602 3707 799 3778 condoluit.
822 3710 894 3787 Nec
919 3732 1006 3779 vero
1031 3708 1107 3777 sine
1126 3699 1279 3782 lacrimis
1297 3704 1433 3802 aliquot

352 3824 399 3896 de
427 3850 471 3896 eo
497 3823 739 3921 querimonias
756 3824 898 3914 babuit3
924 3850 1055 3922 corpus
1077 3849 1223 3921 quoque
1240 3822 1354 3894 multo
1366 3822 1432 3892 ho-

354 3965 445 4012 nore
468 3939 657 4040 sepulturae
682 3938 791 4011 dedit.
822 3942 923 4012 Cives
948 3940 1099 4012 domino
1129 3940 1314 4011 destitutos
1343 3939 1432 4010 mira

353 4057 594 4129 benivolentia
607 4056 740 4130 solatus
753 4074 816 4129 est.
836 4060 906 4145 Qui
925 4059 971 4130 de
985 4057 1153 4131 fidelitate
1167 4060 1241 4155 regi
1259 4057 1432 4136 seruanda

389 4279 403 4311 ³*
422 4279 494 4343 albe,
510 4299 563 4350 opo
590 4280 693 4332 abscisa.
