3314 5294
381 523 440 584 134
745 525 911 608 arenam
935 525 1010 584 trs.
1037 525 1097 583 m.

377 659 499 747 censi,
516 657 764 732 vehementius
787 659 883 732 bello
911 657 1119 730 incubuere.
1138 661 1182 728 Et
1204 659 1288 754 quia
1313 657 1456 746 hostes,

376 775 543 848 machina
556 790 592 848 et
604 778 711 858 armis
728 777 857 866 fortes,
874 776 1078 850 nullatenus
1092 772 1286 865 cedebant,
1311 799 1373 846 rex
1397 800 1462 845 un·

378 893 479 966 cinos
502 893 635 964 ferreos
662 893 824 966 adhiberi
846 895 1025 994 praecepit.
1058 894 1129 980 Qui
1157 893 1302 964 funibus
1329 891 1459 989 alligati

378 1031 462 1079 cum
480 1007 639 1082 hostium
657 1010 831 1083 machinae
848 1011 969 1106 injecti
990 1025 1127 1101 essent,
1153 1010 1329 1108 lignisque
1349 1025 1461 1081 trans·

377 1129 487 1198 versis
514 1127 694 1220 admorsi,
721 1129 824 1199 funes
849 1127 909 1200 alii
931 1127 1185 1217 demittebant,
1209 1127 1269 1200 alii
1287 1127 1460 1199 demissos

377 1244 620 1343 excipiebant5
642 1245 772 1343 quibus
792 1245 1080 1318 adversariorum
1100 1246 1270 1318 machina
1290 1244 1461 1317 inclinata

376 1375 484 1457 atque
493 1385 587 1459 pene
598 1360 763 1433 demersa
776 1377 840 1433 est.
858 1361 962 1456 Unde
976 1361 1035 1432 alii
1053 1361 1261 1434 delabentes
1273 1387 1339 1461 per
1350 1360 1462 1458 ligno·

373 1503 458 1549 rum
485 1480 738 1554 commissuras
763 1479 1049 1571 descendebant3
1080 1479 1139 1551 alii
1157 1504 1243 1552 vero
1267 1478 1359 1553 saltu
1383 1503 1461 1549 sese

376 1594 424 1666 ad
440 1609 577 1666 terram
597 1595 850 1687 demittebant3
870 1595 1037 1669 nonnulli
1055 1575 1202 1695 quoque
1221 1597 1318 1694 turpi
1342 1595 1463 1666 formi-

377 1711 462 1784 dine
492 1715 597 1803 tacti,
626 1713 781 1786 latibulis
812 1714 923 1785 vitam
949 1711 1015 1784 sibi
1049 1712 1304 1785 defendebant.
1335 1717 1461 1784 Hostes

377 1831 502 1902 mortis
520 1831 722 1928 periculum
735 1855 862 1929 urgere
874 1829 1055 1920 videntes,
1073 1828 1283 1902 adversariis
1303 1827 1458 1918 cedunt,

378 1949 560 2045 vitamque
575 1948 752 2048 supplices
765 1963 904 2048 petunt.
929 1943 1021 2020 lassi
1042 1963 1209 2045 quoque,
1234 1971 1335 2018 arma
1351 1946 1462 2044 depo-

377 2080 489 2154 nunt,
515 2080 550 2137 et
574 2065 743 2137 reddunt.
770 2047 966 2163 Statimque
989 2091 1011 2136 a
1028 2090 1111 2161 rege
1130 2064 1316 2136 decretum
1339 2065 1459 2154 exivit,

378 2164 499 2254 hostes
522 2183 598 2254 sine
620 2179 739 2278 aliqua
760 2181 905 2284 'ultionis
921 2183 1051 2278 injuria
1081 2179 1458 2279 comprehendendos,

378 2322 421 2370 ac
440 2299 558 2388 illesos
578 2298 906 2370 sibi'adducendos
926 2299 1186 2397 Comprehensi
1207 2298 1345 2395 itaque,
1368 2299 1463 2370 iner-

379 2440 511 2488 mesae
523 2416 736 2520 indempnes
750 2431 879 2515 praeter
889 2417 979 2488 ictus
992 2440 1084 2513 qnos
1099 2417 1136 2486 in
1148 2415 1293 2487 militari
1305 2415 1461 2487 tumultu

380 2549 605 2638 acceperant,
622 2549 704 2604 ante
717 2558 838 2630 regem
850 2532 995 2604 admissi
1008 2547 1102 2602 sunt.
1120 2533 1192 2618 Qui
1204 2527 1296 2629 regis
1309 2530 1462 2630 pedibus

380 2651 559 2743 advoluti,
591 2652 702 2727 vitam
732 2651 914 2748 petebant.
934 2655 1038 2748 „Nam
1065 2650 1168 2745 regiae
1193 2649 1384 2744 majestatis
1410 2650 1463 2721 rei

381 2784 488 2866 atque
506 2769 683 2857 convicti,
705 2767 751 2838 de
769 2768 842 2860 vita
860 2766 1083 2838 diffidebant.

740 2950 742 2962 '
797 2977 801 2988 .
867 2963 969 3015 cvm.

432 3116 504 3182 Rex
519 3113 669 3194 victoria
685 3112 844 3209 potitus,
870 3111 1017 3208 Belgicae
1036 3083 1216 3210 principes
1230 3126 1373 3209 captos,
1392 3113 1465 3183 suis

383 3228 653 3331 custodiendos,
670 3228 783 3300 sedet
795 3253 957 3324 congruo
971 3243 1134 3326 tempore
1148 3227 1354 3299 reddendos
1368 3252 1466 3299 man·

383 3347 493 3419 davit.
520 3346 707 3443 Reliquam
725 3369 874 3416 manum
893 3343 1011 3450 redire
1030 3333 1203 3441 permisit.
1226 3333 1304 3443 lpse
1327 3345 1468 3417 Laudu·

383 3490 472 3535 num
497 3489 581 3534 cum
604 3463 760 3534 exercitu
783 3461 910 3552 rediit,
944 3461 1064 3558 ibique
1090 3463 1318 3561 procinctum
1344 3457 1463 3534 solvit.

383 3581 519 3652 Urbem
532 3580 735 3652 Virdunum
749 3603 864 3677 usque
876 3581 912 3652 in
928 3579 1025 3651 diem
1043 3580 1123 3652 vitae
1144 3581 1219 3676 ejus
1240 3604 1464 3679 supremum,

382 3699 518 3796 absque
545 3697 618 3769 ulla
637 3699 872 3796 refragatione
900 3696 1067 3772 obtinuit.
1097 3697 1320 3797 Dispone'bat
1341 3711 1467 3795 praete·

382 3843 463 3908 rea,
490 3815 676 3914 quomodo
701 3814 847 3887 ulterius
860 3814 1093 3914 procedendo
1114 3839 1264 3911 regnum
1286 3838 1393 3885 suum
1414 3813 1468 3884 di-

382 3933 527 4024 lataret,
561 3957 646 4004 curn
671 3957 728 4003 res
753 3957 824 4003 suae
851 3956 1055 4002 successum
1074 3932 1253 4030 optimum
1274 3930 1464 4020 haberent,

383 4051 719 4148 regniquevfortuna
738 4075 803 4147 per
821 4063 945 4146 captos
964 4049 1134 4145 primates
1154 4047 1192 4120 id
1217 4039 1462 4147 persuaderet.

384 4168 455 4241 Sed
469 4166 642 4240 Divinitas
660 4192 716 4239 res
729 4165 932 4272 mundanas
953 4164 1215 4258 determinans,
1233 4180 1269 4238 et
1282 4163 1395 4263 Belgis
1408 4189 1465 4238 re·

384 4287 527 4389 quiem,
549 4300 584 4368 et
596 4285 681 4357 huie
695 4283 869 4392 regnandi
882 4281 994 4359 finem
1011 4282 1122 4395 dedit.
