3308 5286
368 516 408 578 68
732 513 901 576 RIGHERI
921 515 999 576 LlB.
1023 515 1082 576 Ill.

371 675 389 716 u
410 644 616 746 Afficiamur
629 647 735 742 igitur
754 662 790 718 et
807 663 874 718 nos
889 647 1064 745 aliquibus
1077 647 1241 744 objectis,
1265 647 1394 745 quibus
1410 665 1447 721 et

369 791 388 831 u
410 764 551 836 animus
574 763 814 855 excellentior,
835 764 882 836 ad
899 764 1135 861 intelligentiae
1158 766 1309 836 certiora
1335 766 1444 838 duca·

266 928 278 950 ,
369 895 479 966 «tur.
501 884 546 950 Et
566 881 620 952 eia
644 882 809 979 inquam,
828 881 903 976 jam
927 905 1025 952 nunc
1046 880 1271 953 revolvamus
1293 880 1445 980 figuram

368 1025 386 1064 u
407 996 505 1068 illam
522 996 567 1068 de
589 995 825 1095 philosophiae·
846 996 1019 1093 partibus,
1040 1021 1119 1096 quae
1137 999 1242 1071 nobis
1265 1017 1362 1071 anno
1385 1026 1444 1071 su-

368 1141 386 1180 «
404 1113 545 1211 periore
561 1129 758 1185 monstrata
770 1126 835 1185 est.
854 1117 990 1186 Omnes
1008 1101 1273 1212 diligentissime
1286 1140 1366 1187 eam
1383 1115 1445 1187 ad·

368 1258 385 1296 «
407 1244 572 1321 vertant,
597 1229 790 1327 dicantque
816 1230 946 1327 singuli
969 1231 1057 1328 quid
1085 1232 1122 1302 in
1156 1256 1199 1303 ea
1232 1247 1294 1304 aut
1320 1247 1445 1304 contra

366 1376 384 1415 u
406 1371 487 1419 eam
503 1348 666 1457 sentiant.
694 1348 730 1416 Si
755 1347 887 1419 nullius
913 1350 1130 1420 extrinsecus
1153 1348 1301 1446 indiget,
1328 1365 1444 1424 vestra

366 1492 384 1531 κ
405 1447 569 1535 omnium
584 1463 774 1534 roboretur
786 1463 1064 1562 approbatione;
1086 1467 1115 1535 si
1132 1489 1218 1536 vero
1234 1466 1445 1563 corrigenda

366 1609 384 1647 u
404 1578 596 1672 videbitur,
614 1581 830 1678 sapientium
841 1582 1037 1672 sententiis,
1055 1596 1116 1653 aut
1129 1577 1367 1678 improbetur,
1382 1599 1444 1655 aut

365 1726 383 1766 n
404 1697 451 1768 ad
467 1681 635 1769 normam
647 1697 839 1795 redigatur.
855 1702 1058 1797 Coramque
1073 1699 1252 1771 deferatur
1259 1700 1335 1795 jam
1346 1707 1445 1773 nunc

365 1843 383 1882 n
403 1814 571 1886 videnda.
596 1841 614 1882 n
632 1818 732 1886 Tunc
749 1815 891 1885 Otricus
908 1839 988 1886 eam
1007 1817 1043 1887 in
1062 1832 1186 1914 aperto
1203 1817 1401 1913 proferens,
1424 1844 1445 1890 a

362 1931 538 2003 Gerberto
562 1931 613 2001 sic
641 1931 855 2020 ordinatam,
881 1945 917 2002 et
940 1955 961 2001 a
980 1932 1052 2002 suis
1076 1929 1299 2002 auditoribus
1317 1956 1444 2031 excep·

362 2057 436 2116 tam
471 2045 711 2142 scriptamque
746 2044 952 2141 respondit;
978 2059 1023 2140 et
1052 2046 1102 2116 sic
1131 2043 1269 2117 domno
1294 2061 1444 2143 augusto

362 2160 551 2258 legendam
577 2161 747 2259 porrexit.
774 2164 861 2247 Quae
882 2160 1052 2259 perlecta,
1080 2161 1127 2235 ad
1149 2163 1363 2237 Gerbertum
1384 2164 1446 2237 de·

362 2277 433 2351 lata
452 2292 515 2350 est.
538 2278 609 2365 Qui
637 2275 825 2373 diligenter
853 2301 933 2348 eam
956 2302 1180 2376 percurrens,
1202 2281 1239 2350 in
1267 2295 1368 2380 parte
1383 2307 1445 2379 ap·

362 2396 505 2494 probat,
534 2395 623 2466 etin
648 2408 751 2491 parte
770 2393 960 2491 vituperat,
985 2394 1163 2492 simulque
1192 2421 1268 2467 non
1290 2397 1339 2468 sic
1365 2422 1445 2469 eam

363 2536 439 2585 sese
456 2511 640 2614 ordinasse
658 2510 817 2582 asseruit.
873 2600 876 2606 .

494 2689 567 2740 LIX.
586 2717 623 2728 -
638 2667 742 2740 Divisio!
755 2685 904 2738 theoretice
918 2686 934 2719 *
960 2687 1136 2759 philosophie
1153 2689 1182 2740 in
1198 2689 1307 2760 species.

415 2821 570 2928 Rogatus
581 2843 701 2900 autem
714 2827 760 2900 ab
772 2841 922 2924 augusto
935 2830 1124 2926 corrigere,
1138 2831 1203 2900 ait:
1219 2833 1443 2924 «Quoniam,

368 2977 386 3015 u
407 2972 430 3018 o
462 2970 590 3042 magne
614 2969 721 3016 caesar
753 2958 918 3040 auguste,
944 2958 980 3014 te
1005 2945 1060 3016 his
1079 2945 1248 3016 omnibus
1266 2948 1445 3046 potiorem
1532 2951 1535 2956 ’

369 3095 386 3133 u
408 3062 529 3151 video,
549 3063 618 3133 tuis
640 3076 681 3132 ut
701 3086 769 3159 par
790 3075 842 3132 est
868 3060 975 3156 jussis
1000 3062 1149 3160 parebo.
1184 3067 1256 3134 Nec
1289 3064 1448 3135 movebit

369 3201 467 3253 «me
497 3178 747 3252 malivolorum
780 3179 889 3270 livor,
920 3205 1077 3277 quorum
1107 3182 1278 3272 instinctu
1308 3181 1347 3252 id
1375 3181 1446 3253 fac-

370 3328 388 3367 «
407 3312 487 3369 tum
505 3310 570 3389 est,
591 3304 635 3367 ut*
654 3295 848 3367 rectissima
868 3294 1106 3394 philosophiae
1120 3296 1259 3388 divisio,
1280 3297 1453 3395 probabi⁴

371 3444 388 3483 n
408 3415 488 3486 liter
503 3411 766 3510 dilucidequea
784 3439 842 3484 me
860 3439 976 3512 nuper
994 3415 1172 3506 ordinata,
1193 3416 1298 3486 unius
1318 3417 1448 3514 speciei

371 3561 388 3600 n
410 3531 655 3628 suppositione
669 3531 790 3601 vitiata
802 3532 846 3601 sit
860 3532 887 3602 ⁴.
909 3533 999 3603 Dico
1011 3533 1131 3630 itaque
1143 3532 1444 3624 mathematicam,

372 3679 390 3718 u
409 3647 596 3745 phisicam,
607 3661 642 3718 et
650 3645 901 3743 theologicam,
911 3673 1094 3747 aequaevas,
1105 3647 1223 3721 eidem
1235 3651 1355 3746 generi
1368 3649 1448 3722 sub·

372 3797 390 3835 n
411 3790 498 3838 esse.
520 3768 653 3835 Earum
671 3777 792 3835 autem
809 3789 933 3861 genus,
954 3767 1005 3836 eis
1022 3766 1202 3863 aequaliter
1221 3767 1445 3864 participare.

373 3888 483 3954 «Nec
514 3878 592 3952 lieri
623 3904 749 3978 posse,
777 3906 888 3953 unam
922 3881 1146 3980 eandemque
1175 3882 1347 3979 speciem,
1376 3906 1450 3954 una

405 4085 421 4120 *
441 4103 462 4137 ω
472 4084 576 4160 abscisa.
1078 4130 1083 4143 ‚

407 4171 415 4202 ¹
436 4170 477 4222 sit.
497 4171 558 4222 Non
575 4171 647 4222 enim
663 4170 757 4240 ignoro
771 4187 964 4240 quemcumque
983 4173 1086 4225 bonum
1108 4169 1245 4224 calumniis
1263 4167 1448 4224 malivolorum

371 4254 473 4309 assidue
485 4253 606 4306 insectari
622 4253 712 4306 deleta.
