3320 5296
368 596 431 658 21⁴
735 593 901 656 lllCllElil
923 593 999 656 ma.
1024 593 1079 655 tv.

368 743 466 801 erat:
482 731 569 801 nun
588 727 724 820 clarum
745 739 781 799 et
798 727 936 838 antiqui
954 727 1139 825 genens
1105 751 1243 820 vnum
1264 752 1340 799 non
1357 751 1446 802 mox

367 844 613 936 reddendum,
652 843 716 918 sed
744 829 841 944 apud
868 869 990 948 regem
1016 859 1090 916 tam
1120 844 1182 917 diu
1213 844 1446 936 habendum,

368 963 487 1037 donc'c
500 964 562 1061 qui
574 963 650 1059 ejus
664 963 867 1062 captionem
881 957 1137 1072 indignaturi
1112 947 1207 1059 sint⁴
1228 977 1446 1061 appareant,

368 1082 398 1153 si
417 1106 461 1152 eo
479 1105 635 1154 numero
659 1096 695 1154 et
718 1081 865 1152 nominc
887 1094 994 1179 atque
1019 1081 1111 1153 duce
1136 1082 1386 1180 praemineant,
1406 1095 1448 1152 ut

368 1197 507 1296 indigni
519 1223 605 1286 non,
619 1199 690 1270 sint
708 1224 770 1296 qm
760 1198 904 1270 hostes
916 1198 1008 1296 regis
1025 1203 1244 1269 Francorum
1269 1196 1446 1287 dicantur,

369 1316 449 1388 sive·
467 1316 652 1406 inferiores
677 1317 766 1408 sint,
796 1313 1080 1407 attendendum,
1110 1317 1139 1388 si
1169 1340 1254 1412 ergo
1279 1315 1392 1414 pauci.
1414 1330 1449 1386 et

368 1433 554 1506 inferiores
578 1433 826 1531 indignentur,
849 1435 1048 1508 tenendum
1071 1433 1284 1525 censebant,
1311 1433 1448 1504 sivero

370 1550 525 1646 majores
538 1565 573 1634 et
586 1575 695 1649 quam
708 1550 851 1651 plures,
867 1551 1095 1636 reddendum
1112 1552 1288 1651 superiori
1310 1551 1450 1622 ratione

371 1657 581 1756 suadebant.
608 1667 781 1741 Karolum
799 1694 884 1767 ergo
906 1694 990 1741 cum
1010 1693 1122 1741 uxore
1139 1667 1309 1742 Adelaide
1322 1682 1357 1738 et
1375 1665 1452 1738 filio

371 1783 577 1877 Ludovico,
613 1801 649 1858 et
676 1783 816 1858 filiabus
850 1785 1007 1878 duabus,
1042 1811 1195 1884 quarum
1226 1785 1337 1857 altera
1365 1787 1452 1856 Ger-

370 1897 500 1998 berga,
516 1902 627 1974 altera
651 1902 829 1976 Adelaidis
852 1893 1051 1994 dicebatur,
1082 1926 1227 1975 necnon
1251 1917 1289 1974 et
1305 1901 1455 1982 Amulio

372 2034 506 2118 nepotc
520 2021 654 2092 carceri
671 2019 782 2093 dedit.

385 2263 429 2328 ¹L.
437 2265 522 2319 -De
535 2263 690 2320 difficultate
698 2266 714 2299 *
727 2264 767 2318 sui
781 2264 905 2318 itineris*
918 2265 952 2318 ab
963 2265 979 2300 *
991 2263 1234 2316 urbe*R·emorum
1246 2263 1392 2316 (inmotum
1401 2263 1428 2316 ἕ.

423 2449 514 2518 Ante
524 2446 657 2518 horum
669 2449 888 2546 captionem,
905 2445 1032 2530 diebus
1045 2445 1156 2520 ferme
1167 2443 1452 2542 quatuordecim,

375 2587 459 2638 cum
478 2562 643 2636 aviditate
661 2564 823 2643 discendi
840 2565 994 2662 logicam
1011 2561 1224 2662 Yppocratis
1238 2561 1251 2598 ²
1267 2559 1387 2652 omi,
1409 2559 1457 2632 de

376 2680 502 2752 studiis
533 2665 739 2752 liberalibus
767 2706 859 2779 saepe
891 2696 926 2754 et
950 2679 1105 2752 multum
1131 2678 1344 2776 cogitarem,
1367 2701 1457 2774 qua-

377 2796 464 2868 dam
481 2795 540 2869 die
558 2797 715 2894 equitem
734 2798 970 2872 Camotinnm
988 2797 1026 2868 in
1044 2795 1344 2868 urbeliemorum
1361 2793 1456 2893 posi·

376 2927 434 2983 tus
447 2912 594 2984 offendi.
616 2915 689 3001 Qui
707 2939 730 2986 a
741 2938 800 2986 me
813 2914 1165 3012 interrogatus,.quis
1182 2928 1219 2985 et
1237 2912 1338 3009 cujus
1350 2926 1454 3002 essct,

378 3054 444 3102 cur
466 3043 502 3101 et
523 3030 622 3102 unde
643 3032 826 3124 venisset,
854 3031 1068 3129 Heribrandi
1091 3031 1211 3103 clerici
1229 3029 1458 3103 Camotensis

378 3144 535 3253 legatum
558 3172 653 3239 sese,
683 3163 719 3221 et
737 3126 890 3221 Richcro
910 3150 1024 3222 sancti
1033 3149 1196 3281 Remigii
1213 3145 1394 3219 monacho
1420 3169 1461 3219 se

379 3247 471 3336 velle
488 3262 589 3362 loqui
600 3243 805 3375 respondit.
828 3269 922 3363 Ergo
941 3289 1026 3337 mox
1042 3265 1148 3337 amici
1165 3287 1301 3335 nomen
1313 3276 1349 3334 et
1361 3261 1460 3385 lega·

379 3381 486 3452 tionis
503 3406 649 3454 causam
662 3383 864 3475 advertens,
879 3405 938 3454 me
950 3407 1061 3481 quem
1072 3380 1244 3480 querebat
1259 3380 1271 3418 ³
1289 3365 1456 3469 indicavi,

363 3489 564 3596 ¹datoque³
596 3501 720 3573 osculo
759 3501 953 3574 semotim¹⁸
986 3499 1241 3574 secessimus⁸.
1278 3483 1341 3570 Ille
1372 3521 1461 3571 mox

379 3615 568 3714 epistolam
602 3617 773 3716 protulit,
810 3618 1048 3690 hortatoriam
1083 3615 1130 3690 ad
1167 3616 1456 3716 aphorismorum

371 3732 591 3806 lectionem.
612 3735 717 3832 Unde
739 3752 775 3810 et
794 3761 860 3835 ego
879 3734 1079 3808 admodum
1097 3733 1232 3806 laetatus
1243 3747 1460 3872 ,assumpto

381 3851 541 3952 quodam
564 3847 679 3954 puero
693 3880 777 3929 eum
799 3857 996 3929 Carnotino
1019 3855 1157 3956 equite,
1173 3851 1246 3926 iter
1251 3843 1462 3972 Carnotum

415 4099 431 4131 '¹
449 4099 567 4196 ultpte,
559 4120 593 4169 rs,
607 4102 656 4167 ab,
669 4120 702 4152 ur
704 4115 819 4167 ,notum
830 4100 897 4154 as.t0

415 4187 621 4358 :sytppacratisc
622 4281 697 4336 o.de.c

424 4404 426 4408 ·
416 4371 536 4437 ‘rebat,
549 4367 682 4438 datoque,
695 4367 808 4442 metim,
818 4387 850 4422 ιιι
862 4367 973 4428 abscisa.¹
