3324 5298
359 527 420 588 286
452 535 466 558 ‘
722 523 888 587 RIOEERI
911 525 987 588 [ΑΒ.
1012 527 1067 588 lv.

356 659 421 732 lias
429 673 636 760 properent,
649 658 746 731 unde
760 658 887 732 volunt
899 660 1053 734 edicant.
1075 658 1255 756 Alioquin,
1269 657 1431 748 redeant,

357 797 394 856 et
409 803 473 854 sua
491 796 532 854 ut
555 780 642 854 libet
664 796 802 854 curent.
822 785 961 854 Horum
972 807 1059 881 ergo
1080 782 1194 854 resin
1215 782 1435 855 contrarium

355 898 493 998 relapsa
506 914 572 972 est.
594 898 770 970 adalbero
793 899 891 971 enim
909 900 972 997 qui
987 899 1120 971 horum
1139 898 1343 970 ministrum
1358 924 1435 971 sese

355 1016 579 1117 praebuerat,
608 1040 693 1088 cum
718 1015 933 1088 delationis*
970 1017 1108 1088 nescius
1138 1038 1238 1113 reges
1265 1030 1430 1087 moneret

355 1150 397 1208 ut
420 1134 692 1208 occurrentibus
712 1133 920 1224 obveniret,
952 1157 1014 1206 rex
1042 1148 1231 1205 veteranus
1255 1131 1435 1204 fraudium

355 1275 430 1323 non
448 1251 604 1348 ignarus,
625 1248 848 1321 Ludovicum
866 1247 988 1321 Karoli
1004 1247 1119 1320 filium
1137 1244 1184 1318 ab
1201 1271 1246 1318 eo
1265 1245 1433 1346 reposcit,

354 1392 465 1466 quem
485 1367 524 1439 in
548 1367 715 1466 captione
738 1365 905 1439 Lauduni
922 1381 1081 1466 captum,
1108 1365 1142 1436 ei
1158 1363 1437 1436 custodiendum

351 1484 592 1557 commiserat.
623 1484 839 1584 Repoposcit
866 1484 976 1556 etiam
997 1480 1157 1579 ejusdem
1176 1480 1274 1556 urbis
1299 1505 1433 1571 arcem,

352 1621 463 1697 quam
474 1599 635 1672 similiter
651 1601 891 1672 commiserat.

439 1825 554 1878 xcvn.
565 1796 768 1880 -aansemr
779 1825 862 1877 tem
874 1822 975 1878 trauan
988 1823 1009 1892 r,
1020 1841 1099 1876 caua
1114 1821 1350 1894 reprehendunt.

399 1991 482 2076 Quo
502 1986 636 2059 credita
649 1985 802 2059 reddere
820 1987 959 2078 reniso,
981 1989 1068 2086 regii
1089 1989 1291 2086 stipatores,
1312 1983 1434 2060 animo

350 2103 571 2202 indignante,
581 2102 807 2175 subinferunt
819 2131 827 2174 ε
841 2107 962 2176 «Cum
974 2118 1026 2196 tu,
1038 2130 1062 2176 ο
1076 2105 1255 2204 episcope,
1266 2106 1303 2177 in
1312 2107 1433 2205 perni-

352 2223 478 2294 «ciem
496 2233 621 2320 regum
641 2233 678 2292 et
700 2221 917 2321 principum,
943 2222 1041 2320 apud
1066 2225 1237 2293 Ottonem
1259 2248 1380 2320 regem
1398 2238 1434 2296 et

352 2333 555 2406 «Odonem
578 2333 762 2405 tirannum
782 2331 936 2432 plurima
953 2334 1145 2431 quaesieriS,
1169 2335 1356 2432 quomodo
1372 2335 1433 2410 hio

352 2480 371 2520 a
384 2466 467 2552 ante
494 2450 661 2526 dominos
681 2464 762 2522 tuos
789 2475 889 2548 reges
917 2466 991 2522 tam
1018 2451 1206 2550 magnifica
1227 2451 1431 2551 confingere

350 2596 368 2636 a
385 2591 460 2640 non
474 2566 630 2640 vereris?
648 2564 744 2655 Quid
757 2565 980 2639 Ludovicum
999 2581 1034 2639 et
1047 2593 1168 2642 arcem
1185 2567 1336 2642 reddere
1357 2595 1431 2642 me·

348 2685 464 2775 «tuis,
478 2684 520 2774 si
539 2682 651 2756 fidem
673 2681 817 2781 regibus
834 2697 868 2754 te
879 2708 1035 2756 servasse
1054 2710 1140 2756 non
1148 2683 1311 2758 dubitas?
1334 2685 1430 2774 Quid

296 2866 302 2884 ,
346 2827 465 2900 «ergo
481 2816 535 2875 est
552 2801 688 2872 credita
706 2800 802 2872 nolle
826 2800 991 2894 reddere,
1012 2803 1227 2875 nisicontra
1251 2828 1351 2902 reges
1372 2804 1429 2875 in-

345 2948 364 2988 «
378 2920 493 2994 fausta
515 2917 657 2989 moliri?
682 2915 954 2991 Evidentissime
983 2918 1106 2993 fidem.
1119 2919 1314 3019 abrupisti,
1345 2946 1428 2993 cum

342 3063 362 3104 a
378 3034 476 3133 apud
492 3036 667 3106 Ottonem
681 3033 727 3106 de
741 3059 868 3132 regum
881 3036 1026 3108 interitu
1044 3037 1215 3130 tractasti,
1229 3064 1427 3138 eorumque

341 3183 361 3223 a
375 3153 557 3225 honorem
570 3149 743 3223 subruere
759 3153 952 3252 temptasti.
980 3153 1085 3226 Unde
1104 3168 1140 3226 et
1160 3156 1305 3254 perjurii
1327 3173 1425 3230 reatu

337 3300 356 3340 a
372 3270 553 3343 detineris.
566 3269 804 3374 'Legationem
816 3269 938 3361 etiam,
954 3270 1194 3366 tamquamab
1205 3273 1254 3343 eis
1267 3273 1422 3364 missam,

338 3386 499 3458 «Ottoni
512 3385 587 3482 regi
602 3383 798 3483 pertulisti,
817 3408 859 3455 ac
877 3384 976 3483 apud
993 3409 1077 3466 eum
1095 3385 1219 3460 dolose
1237 3386 1421 3479 ordinasti,

336 3532 355 3572 a
369 3515 410 3576 ut
424 3504 504 3603 ipse
520 3527 604 3575 cum
623 3502 745 3602 paucis
761 3501 774 3538 ²
795 3501 991 3593 adveniret,
1009 3518 1044 3575 et
1061 3504 1215 3576 miiitum
1229 3505 1424 3606 multitudi-

335 3647 454 3694 anem
481 3645 555 3693 non
576 3619 684 3717 longe
704 3619 908 3719 expeditam
926 3620 1084 3694 baberet.
1107 3621 1259 3719 Regibus
1277 3646 1423 3721 quoque

333 3737 502 3811 «nostris
519 3737 725 3812 adversario
745 3761 830 3808 curn
847 3738 969 3836 paucis
988 3762 1177 3811 occurrere
1193 3740 1343 3831 suasisti,
1364 3756 1422 3813 at-

333 3885 352 3925 «
369 3880 440 3954 que
479 3853 575 3927 nihil
604 3853 691 3926 mali
720 3880 763 3926 ex
794 3853 866 3927 hoc
890 3870 1151 3956 proventurum
1181 3857 1417 3955 spopondisti.

368 4105 384 4139 *¹
402 4105 558 4172 Adaibero,
574 4103 692 4172 fraudis,
704 4105 800 4177 repreh
811 4080 917 4183 abscisa.

370 4191 380 4221 ¹
399 4189 562 4262 proditionis
576 4193 603 4243 t.

364 4275 377 4306 ¹
394 4291 423 4345 p.
438 4272 473 4354 ad
489 4275 577 4328 locum
590 4273 667 4344 quod
679 4275 828 4330 Mosomum
841 4279 987 4348 appellatur
998 4277 1088 4330 delam.
