3324 5298
387 499 445 558 258
749 493 923 554 ulcerent·
937 493 1011 555 LlB.
1036 496 1090 554 IV.

384 629 421 699 in
435 628 538 700 litore
550 629 668 726 primo
686 642 800 698 castra
813 627 1026 726 disponunt;
1043 628 1080 698 in
1096 628 1284 720 ulteriore,
1297 633 1424 706 accitas
1441 636 1450 672 ⁴

382 747 577 844 piratarum
606 747 696 817 acies
723 745 903 818 ordinant.
932 750 991 836 Et',
1019 771 1065 818 ne
1090 771 1163 843 quo
1187 749 1456 823 intercideretur

381 855 544 954 obsidio,
560 849 686 933 classes
704 877 856 934 armatas
876 863 912 932 in
929 863 1039 934 fluvio
1061 863 1337 962 circumquaque
1354 866 1455 939 adhi-

379 979 478 1054 bent.
504 985 627 1078 ltaque
645 979 776 1050 factum
796 979 880 1068 fuit,
914 994 953 1050 ut
975 980 1107 1051 fluviali
1129 981 1315 1079 superficie
1337 987 1449 1074 vecti,

377 1113 533 1169 castrum
556 1095 672 1168 navali
689 1121 810 1194 pugna
823 1096 948 1167 acriter
964 1099 1359 1194 urgerent.‚Castrenses
1377 1126 1451 1172 non

376 1215 530 1312 impares
541 1211 820 1314 inpugnantibus
827 1211 1050 1305 obnituntur,
1064 1224 1132 1312 pro
1147 1214 1282 1286 viribus
1296 1233 1446 1308 certant,

376 1329 584 1403 adversariis
603 1329 703 1400 nullo
726 1328 837 1400 modo
858 1328 1008 1401 cedunt.
1031 1333 1193 1428 Cumque
1212 1330 1345 1404 diutius
1366 1336 1449 1407 resi·

374 1437 524 1537 stentes,
545 1447 746 1518 comminus
769 1459 986 1543 pugnarent,
1010 1471 1077 1517 nec
1102 1445 1287 1536 cederent,
1309 1451 1446 1546 postico

372 1562 472 1660 quod
492 1563 637 1635 inferius
653 1562 783 1634 latebat
803 1561 938 1632 viribus
956 1562 1168 1634 caedentium
1188 1578 1309 1654 eruto,
1325 1565 1446 1663 piratae

371 1680 515 1752 admissi
528 1695 633 1768 sunt3
649 1694 685 1751 et
702 1695 833 1775 atergo
848 1679 884 1750 in
904 1703 1007 1749 muro
1025 1679 1266 1775 pugnantibus
1279 1705 1446 1778 superve-

370 1799 525 1888 nientes,
542 1797 654 1884 multa
672 1795 767 1868 caede
787 1797 825 1866 in
844 1796 894 1867 eis
907 1795 1090 1873 debaccati
1108 1811 1203 1868 sunt.
1224 1798 1282 1868 Sic
1299 1822 1444 1896 quoque

368 1915 502 1986 factum
522 1931 594 2005 est,
615 1931 655 1992 ut
679 1931 713 1986 et
732 1913 891 2011 reliquus
911 1914 1086 1985 exercitus
1108 1913 1174 1985 in²
1201 1913 1305 1986 litore
1325 1917 1445 1988 adhuc

366 2033 574 2130 persistens,
590 2031 759 2104 classibus
772 2030 937 2130 pedester
948 2031 1254 2124 intromitteretur,
1271 2049 1443 2105 castrum·

366 2173 436 2245 que
453 2151 660 2248 repentinus
678 2146 899 2246 pervaderet.

517 2367 670 2452 thtvflt.
685 2395 714 2404 α
729 2365 900 2418 Castrenses*
914 2365 985 2437 capti
997 2364 1138 2418 libertati*
1150 2366 1280 2420 danturt.

412 2509 440 2576 Α
458 2505 587 2603 quibus
608 2521 803 2590 castrenses
826 2506 920 2604 capti
939 2522 975 2577 et
996 2507 1095 2596 victi,
1125 2531 1210 2577 mox
1234 2509 1307 2603 regi
1331 2506 1440 2580 oblati

361 2637 455 2694 sunt.
473 2627 542 2694 Pro
555 2623 685 2720 quibus
698 2647 820 2693 coram
834 2647 915 2719 rege
930 2621 976 2694 ab
989 2625 1111 2694 amicis
1124 2625 1285 2696 oratione
1297 2623 1435 2716 habita,

361 2739 451 2835 facta
462 2739 537 2835 regi
550 2738 635 2828 fide,
651 2736 787 2808 dimissi
798 2753 893 2828 sunt,
910 2764 994 2842 cum
1008 2765 1084 2810 non
1096 2755 1235 2811 tantum
1247 2742 1298 2812 rei
1313 2742 1438 2838 majes-

363 2855 440 2926 tatis
451 2855 572 2951 regiae,
587 2869 762 2951 quantum
781 2855 834 2925 sui
851 2853 990 2926 domini
1003 2854 1125 2927 fideles
1142 2855 1286 2930 dicendi
1300 2874 1433 2949 essene

362 2970 407 3042 ad
430 2971 467 3042 id
490 2973 596 3042 etiam
616 2997 691 3042 non
710 2970 867 3071 perfidiae
885 2972 992 3063 vitio,
1013 2972 1077 3044 sed
1096 2972 1209 3044 multa
1226 2974 1355 3045 virtute
1375 2975 1436 3046 ad·

361 3087 487 3158 ductos
509 3087 722 3159 asserebant.
743 3087 804 3158 His
822 3113 907 3184 ergo
921 3087 1088 3160 obsidum
1103 3089 1184 3185 jure
1202 3088 1374 3181 dimissis,
1401 3106 1435 3163 et

360 3220 475 3276 castro
490 3205 638 3276 domino
652 3206 765 3304 priori
782 3197 941 3296 reddito,
963 3206 1126 3304 proditor
1146 3207 1247 3302 cujus
1267 3206 1353 3278 dolo
1371 3207 1435 3279 hu·

355 3323 513 3418 jusmodi
547 3324 782 3396 infortunium
815 3323 980 3414 accessit,
1014 3347 1100 3394 mox
1126 3322 1429 3421 comprehensus,

357 3441 550 3540 suspendio
570 3466 670 3513 secus
686 3440 791 3512 castri
808 3455 950 3539 portam
968 3440 1107 3518 defecit.
1125 3444 1198 3512 Nec
1217 3441 1335 3512 minus
1357 3442 1432 3538 ejus

355 3582 457 3647 uxor,
478 3557 647 3629 inusitato
664 3555 812 3628 ludibrii
831 3581 960 3653 genere
971 3555 1122 3655 pedibus
1140 3581 1326 3655 suspensa,
1346 3583 1429 3629 exu-

353 3675 418 3744 viis
448 3674 727 3771 circumquaque
753 3672 993 3746 defluentibus
1019 3673 1174 3764 nudata,
1205 3675 1318 3746 atroci
1359 3673 1429 3744 fme

348 3793 448 3886 juxta
466 3792 584 3862 virum
612 3791 754 3862 interiit.
783 3793 874 3863 Cum
900 3791 977 3863 haec
1003 3792 1214 3890 agebantur,
1243 3791 1324 3862 Odo
1346 3816 1428 3863 cum

351 3909 505 3979 exercitu
523 3907 622 3980 haud
634 3907 761 4006 procul
776 3907 829 3980 rei
844 3923 1013 3981 eventum
1032 3907 1304 4007 opperiebatur,
1331 3923 1427 3980 ratus

385 4114 399 4144 *
417 4132 504 4177 enses,
518 4113 527 4164 i
539 4113 668 4178 libertati,
681 4123 744 4166 ntur
755 4111 861 4164 abscisa.

385 4201 391 4224 ¹
415 4199 503 4249 accitae
515 4216 577 4248 corr.
591 4197 673 4250 accita
685 4195 774 4256 codex,
792 4195 860 4268 quod
870 4195 1039 4265 corrigendum
1054 4209 1116 4248 erat.

383 4285 392 4310 ²
413 4282 438 4332 iu
455 4280 542 4351 primo
555 4279 668 4331 deletum.
