3324 5298
370 551 432 612 230
733 549 900 612 RICHERI
923 549 998 610 LIB.
1024 549 1078 612 IV.

372 685 496 782 «quia
519 683 670 755 Karolus
692 683 889 756 avunculus
912 708 1037 773 meus,
1069 705 1194 780 regum
1223 683 1447 758 adversarius

373 830 390 869 u
412 814 527 899 patet,
548 825 632 871 cum
654 801 687 873 ei
710 803 740 872 is
764 800 810 873 de
836 825 910 899 quo
937 800 1119 899 loquimur
1142 802 1444 893 communicavit,

371 947 390 989 u
411 917 593 1016 fidemque
617 914 840 990 sacramento
860 917 975 1008 dedit,
1002 917 1060 1014 jus
1077 914 1162 988 fidei
1178 918 1360 1015 promissae
1385 945 1448 1018 pe·

370 1065 388 1104 u
408 1037 503 1106 nitus
515 1035 668 1133 abrupit.
686 1039 739 1106 An
751 1033 932 1124 Manasse‘
952 1047 987 1105 et
1001 1037 1173 1131 Rotgerus
1186 1057 1311 1131 regum
1326 1034 1449 1108 adver·

371 1180 388 1218 u
410 1150 492 1222 sarii
507 1149 651 1223 dicendi
670 1173 746 1220 non
761 1162 861 1239 sunt,
880 1149 1038 1246 quicum
1057 1147 1189 1220 Karolo
1203 1147 1302 1219 urbis
1318 1152 1447 1221 Remo-

370 1295 388 1334 «
408 1291 490 1338 rum
502 1290 711 1364 pervasores
724 1264 839 1356 fuere,
861 1279 897 1336 et
909 1279 1039 1336 sanctae
1056 1257 1125 1335 Dei
1140 1263 1316 1361 genitricis
1330 1266 1449 1338 Mariae

370 1411 387 1450 u
410 1381 592 1455 basilicam
619 1405 702 1453 cum
734 1394 870 1453 armata
898 1405 1009 1452 manu
1034 1379 1182 1478 ingressi
1212 1395 1316 1469 sunt,
1345 1405 1448 1452 sanc·

370 1527 389 1567 u
407 1499 634 1596 tuariumque
678 1497 814 1570 nefario
853 1498 1012 1595 ingressu
1064 1496 1322 1568 violaverunt?
1372 1502 1447 1568 Hos

369 1617 516 1688 uetiam
538 1616 603 1686 iste
623 1615 678 1686 sui
690 1614 830 1687 consilii
853 1613 1042 1704 custodes,
1065 1627 1101 1686 et
1113 1614 1312 1686 amicorum
1326 1615 1448 1713 praeci·

370 1763 388 1802 u
408 1757 502 1832 puos
519 1731 687 1805 habebat.
705 1731 814 1821 Quod
834 1733 918 1829 quia
935 1731 1242 1804 evidentissimum
1261 1745 1331 1821 est,
1352 1731 1448 1803 dieat

369 1879 387 1918 u
408 1875 507 1921 nunc
532 1850 607 1948 ipse
636 1849 738 1945 cujus
764 1848 980 1947 impulsione
1006 1861 1068 1919 aut
1090 1847 1255 1920 suasione
1273 1847 1368 1919 istud
1391 1871 1449 1946 ag·

369 1994 388 2034 a
410 1990 547 2064 gressus
560 1967 616 2038 sit.
633 1970 702 2037 Aut
715 1979 810 2037 certe
824 1964 883 2036 alii
894 1965 1069 2056 intendet,
1085 1979 1147 2036 aut
1158 1966 1343 2036 convictus
1355 1965 1448 2036 testi-

370 2109 388 2148 «
410 2080 541 2152 moniis
554 2080 721 2152 labascet.
743 2080 868 2152 Nullus
888 2079 1205 2184 consanguinitatis
1219 2103 1333 2172 amor,
1348 2079 1448 2152 nulla

370 2197 539 2270 «habitae
560 2197 803 2274 familiaritatis
826 2197 936 2296 gratia
958 2223 980 2271 a
997 2198 1085 2272 recti
1101 2196 1227 2294 judicii
1252 2197 1368 2270 forma
1387 2222 1447 2270 me

370 2344 388 2383 u
409 2314 530 2414 aliquo
543 2314 658 2388 modo
675 2314 857 2387 seducent.
879 2342 897 2382 u

369 2668 456 2721 LVII.
465 2667 577 2720 -Laus
585 2666 601 2700 ὓ
610 2663 814 2719 Godesmanni*
823 2663 859 2716 de
870 2664 1108 2735 magnanimitate*
1121 2663 1255 2717 Rrunonis
1264 2664 1314 2717 et*
1325 2666 1378 2718 ut*
1389 2665 1446 2720 ab*

636 2781 668 2814 eo
678 2761 805 2834 juditium
816 2761 989 2814 constituatur
999 2758 1016 2794 *
1026 2760 1178 2831 postulatio.

419 2923 710 3016 Godesmannus,
727 2923 973 2997 Ambianensis
991 2925 1194 3024 episcopua,
1212 2923 1300 2996 dixit
1314 2951 1323 2996 a
1340 2953 1359 2993 u
1375 2929 1445 2998 Νο-

372 3070 401 3110 «⁴
411 3042 528 3113 rimus
545 3040 757 3112 venerabilis
777 3042 954 3113 Brunonis
967 3043 1319 3139 magnanimitatem,
1336 3066 1446 3139 quem

373 3185 393 3226 a
412 3157 532 3229 nullus
550 3156 728 3229 affinitatis
752 3181 868 3248 amor,
894 3157 993 3231 nulla
1016 3157 1232 3229 familiaritas
1254 3182 1275 3228 a
1300 3159 1448 3236 veritate

373 3303 392 3344 u
412 3288 624 3374 sequestrat,
641 3289 676 3347 at
694 3275 789 3372 rigor
806 3273 942 3366 animi,
959 3289 994 3347 et
1019 3300 1164 3346 morum
1184 3273 1343 3373 probitas
1356 3275 1447 3346 veri·

373 3422 391 3462 u
412 3392 534 3464 dicum
557 3408 593 3464 et
614 3393 673 3463 cui
690 3391 912 3464 credendum
925 3393 970 3465 sit
986 3393 1253 3493 promptissime
1271 3391 1442 3464 indicant.

372 3543 392 3584 u
412 3519 506 3613 Ergo
524 3516 609 3613 quia
634 3513 681 3586 de
698 3514 960 3587 examinatione
986 3529 1105 3587 reatus
1130 3514 1245 3587 fratris
1272 3530 1309 3585 et
1326 3515 1446 3613 coepi-

373 3658 392 3698 «
412 3631 512 3729 scopi
525 3631 639 3702 nostri
660 3629 797 3703 arnulfi
815 3632 950 3703 mentio
970 3632 1133 3731 superius
1147 3631 1238 3703 facta
1254 3644 1320 3721 est,
1342 3629 1388 3702 ab
1402 3654 1446 3702 eo

372 3775 391 3816 a
410 3747 645 3846 quaerendum
661 3748 816 3836 videtur,
843 3747 949 3846 quale
971 3773 1015 3820 ex
1037 3747 1106 3820 hac
1123 3773 1162 3819 re
1175 3747 1384 3820 habendum
1402 3747 1447 3818 sit

372 3897 392 3939 u
406 3867 598 3967 J’uditium,
614 3894 659 3943 eo
679 3869 780 3968 quod
793 3870 912 3970 ipsum
936 3884 1102 3970 oporteat
1109 3869 1229 3967 juditii
1246 3884 1447 3968 temperare

373 4011 620 4078 «censuram,
646 4011 729 4059 cum
752 3987 828 4088 ipse
849 3988 900 4059 sic
920 3988 1013 4058 inter
1031 4001 1225 4085 utrumque
1247 3986 1291 4058 sit
1315 3987 1448 4058 consti·

405 4203 420 4233 ⁴*
439 4201 526 4266 Laus,
544 4219 622 4264 man,
637 4199 714 4266 nani,
728 4212 753 4251 et
765 4211 795 4251 ut
808 4217 840 4264 a,
855 4197 968 4249 constitu
980 4195 1086 4248 abscisa.

405 4304 415 4336 ¹
433 4283 526 4356 Man}
537 4302 624 4354 codex.
