3320 5296
381 581 440 646 teo
709 579 898 643 ¹ntetmtu
920 579 994 642 mn.
1018 567 1073 640 tv.

374 717 485 790 'nibus
502 715 666 815 spondet.
683 717 844 788 Castrum
858 738 942 812 ergo
962 737 1076 811 amge
1088 736 1296 785 concessum
1309 711 1444 812 absque

378 859 480 907 mora
491 833 595 934 petit,
615 846 807 904 castrenses
829 829 894 901 sibi
912 830 1119 902 sacramenti
1138 830 1218 926 jure
1231 845 1440 922 annectens,

377 955 498 1052 eisque
511 953 598 1026 alios
616 953 750 1050 aliquot
763 976 918 1049 quorum
935 949 1019 1022 fidei
1030 951 1189 1048 vigorem
1203 950 1333 1022 sciebat
1348 975 1443 1024 asso-

373 1071 484 1157 tians,
517 1071 612 1166 regia
639 1070 780 1166 negotia
810 1066 937 1154 exinde
962 1067 1094 1141 utiliter
1125 1083 1294 1166 satagens.
1331 1069 1442 1164 Cujus

375 1203 494 1260 tamen
510 1186 702 1258 voluntatis
723 1184 867 1258 effectus
880 1182 998 1256 nullus
1016 1184 1097 1276 fuit,
1113 1185 1271 1283 eoquod
1288 1199 1439 1282 tempes-

368 1296 467 1375 tiva*
497 1303 594 1374 urbis
616 1301 771 1401 proditio
795 1316 944 1391 vetaret,
968 1316 1003 1372 et
1024 1325 1125 1373 casus
1145 1302 1318 1401 repentini
1341 1301 1441 1373 aliter·

375 1418 452 1491 fieri
464 1432 662 1516 arguerent.

491 1973 563 2027 xm.
572 2003 608 2017 -
616 1971 743 2028 subtilis*
755 1969 938 2040 machinatio*
949 1975 977 2026 in
989 1971 1119 2026 Karolnm
1132 1985 1157 2026 et
1173 1973 1322 2026 Amulfum.

420 2145 472 2226 Ab
485 2145 556 2217 hoc
567 2160 730 2242 tempore
744 2143 919 2217 Adalbero
933 2144 1222 2216 Laudunensium
1237 2146 1437 2244 episcopus,

372 2261 435 2360 qui
466 2276 547 2332 ante
571 2285 593 2331 a
614 2258 746 2332 Karolo
784 2276 907 2358 captus
940 2249 1140 2353 aufugerat,
1168 2263 1267 2331 omni
1297 2263 1440 2359 ingenio

373 2376 650 2476 oportunitatem
668 2373 861 2472 querebat,
884 2399 954 2472 qua
971 2399 1073 2446 versa
1084 2377 1161 2448 vice
1175 2390 1210 2447 et
1228 2377 1440 2450 Laudunum

373 2507 530 2594 caperet,
551 2506 586 2563 et
610 2491 780 2563 Karolnm
803 2491 1133 2590 comprehenderet.
1154 2497 1301 2590 legatos
1321 2495 1440 2592 itaque

372 2607 579 2704 hujusmodi
606 2607 738 2704 negotii
767 2604 1062 2698 officiosissimos,
1085 2607 1230 2680 Amulfo
1260 2608 1437 2707 dirigens,

373 2725 582 2813 amicitiam,
603 2722 729 2813 fidem,
761 2724 1002 2821 suppetiarum
1029 2723 1184 2796 subsidia
1209 2723 1367 2798 mandat.
1398 2730 1440 2801 Ei

373 2863 529 2937 quoque,
550 2852 674 2937 utpote
692 2861 757 2908 suo
774 2837 1065 2936 metropolitam,
1086 2864 1162 2924 sese
1180 2838 1270 2911 velle
1284 2843 1440 2914 reconci-

372 2951 460 3025 liari.
480 2949 553 3022 Sibi
571 2950 677 3022 etiam
690 2949 825 3045 injuriae
838 2976 911 3023 esse
929 2952 1028 3048 quod
1043 2953 1220 3050 transfuga
1233 2968 1268 3026 et
1279 2953 1440 3029 desertor

372 3067 562 3157 diceretur,
586 3091 629 3138 eo
650 3065 749 3164 quod
772 3066 903 3138 Karolo
916 3082 999 3166 post
1016 3066 1124 3139 fidem
1140 3068 1267 3139 factam
1283 3093 1359 3140 non
1376 3069 1440 3141 ob·

373 3197 514 3264 secutus
532 3183 587 3254 sit.
606 3187 649 3286 Et
672 3182 701 3254 si
720 3207 871 3255 racuurn
889 3182 953 3254 sibi
978 3199 1088 3275 esset,
1109 3207 1130 3254 a
1148 3210 1186 3256 se
1204 3184 1241 3257 id
1255 3185 1440 3258 dedecoris

371 3299 462 3372 velle
492 3298 654 3394 abjicere.
673 3299 726 3372 Ad
744 3299 819 3394 ejus
849 3297 1094 3372 celsitudinem
1123 3301 1239 3384 redire
1263 3302 1376 3392 velle,
1402 3319 1440 3376 et

372 3416 493 3493 Keroli
511 3416 699 3490 amicitiam
717 3430 839 3514 utpote
861 3416 1000 3495 domini
1023 3441 1097 3490 sese
1115 3432 1252 3516 optare.
1280 3418 1384 3492 Unde
1402 3436 1437 3492 et

373 3533 440 3606 sibi
452 3523 679 3631 quocumque
695 3532 834 3605 libitum
853 3534 945 3606 foret
961 3534 1223 3608 occurrendum
1236 3535 1433 3610 mandaret.

372 3649 535 3724 Amulius
563 3649 761 3722 simulatam
783 3648 891 3721 fidem
915 3651 1097 3738 nesciens,
1123 3649 1255 3747 legatos
1279 3651 1437 3725 fallentes

371 3767 517 3866 excipite
541 3781 577 3837 et
595 3779 719 3862 utpote
738 3763 825 3835 boni
847 3764 993 3863 alicujus
1016 3768 1161 3839 nuntios
1183 3768 1436 3843 humanissime

344 3923 349 3932 ·
369 3884 536 3956 honor'at.
556 3886 623 3954 Per
639 3880 707 3951 bos
728 3881 845 3977 itaque
863 3881 983 3952 locum
1003 3908 1076 3980 quo
1100 3885 1280 3956 occursuri
1306 3901 1342 3958 et
1370 3886 1436 3958 sibi

270 4010 274 4020 '
371 4001 580 4074 collocuturi
598 3998 733 4090 forent,
757 3998 969 4071 letabundus
992 3999 1162 4098 designat.
1191 4001 1244 4073 llli
1269 4027 1306 4074 se
1333 4003 1435 4076 dece·

403 4221 419 4256 ¹¹
437 4217 491 4274 Sub
502 4259 510 4286 ,
523 4237 566 4273 ma
575 4221 679 4272 abscisa.

405 4303 413 4337 ¹
430 4297 685 4374 intempestiva'corr.
700 4301 860 4372 tempestiva.
