3314 5294
395 553 454 613 134
759 554 926 638 lllCHElll
950 554 1025 614 LlB.
1052 553 1111 612 Ill.

391 688 513 776 censi,
530 687 779 761 vehementius
802 688 898 761 bello
925 687 1134 759 incubuere.
1153 691 1197 757 Et
1218 687 1302 782 quia
1328 686 1468 776 hostes,

390 802 557 878 machina
571 807 725 887 etarmis
743 806 871 896 fortes,
888 804 1093 878 nullatenus
1106 801 1300 893 cedebant,
1326 829 1387 875 rex
1410 828 1474 874 un-

393 923 493 994 cinos
517 922 650 994 lerreos
676 923 840 994 adhiberi
861 922 1040 1022 praecepit.
1072 923 1144 1009 Qui
1172 921 1317 993 funibus
1343 920 1471 1019 alligati

392 1059 477 1109 cum
494 1036 653 1110 hostium
671 1039 845 1112 machinae
864 1039 983 1134 injecti
1004 1053 1142 1128 essent,
1167 1039 1343 1136 lignisque
1364 1052 1474 1110 trans·

391 1157 502 1228 versis
528 1156 708 1248 admorsi,
736 1157 839 1229 funes
864 1156 923 1228 alii
945 1155 1201 1247 demittebant,
1224 1155 1283 1228 alii
1300 1154 1474 1228 demissos

391 1274 635 1372 excipiebant;
656 1274 787 1372 quibus
807 1272 1095 1347 adversariorum
1114 1275 1284 1347 machina
1305 1273 1474 1345 inclinata

391 1403 499 1485 atque
508 1414 602 1488 pene
612 1389 778 1462 demersa
791 1406 855 1461 est.
872 1389 977 1486 Unde
990 1391 1050 1461 alii
1068 1390 1276 1463 delabentes
1288 1415 1354 1488 per
1364 1389 1476 1486 ligno·

388 1533 474 1578 rum
499 1509 753 1582 ,commissuras
777 1507 1064 1600 descendebant,
1094 1508 1154 1580 alii
1172 1533 1258 1580 vero
1282 1507 1374 1582 saltu
1397 1531 1475 1578 sese

391 1623 438 1695 ad
459 1629 591 1696 tenram
612 1624 864 1716 demittebant3
884 1625 1052 1698 nonnulli
1070 1603 1217 1724 qnoque
1236 1625 1332 1724 turpi
1357 1623 1477 1694 lormi-

392 1739 477 1813 dine
507 1744 611 1832 tacti,
640 1742 796 1814 latibulis
827 1743 938 1814 vitam
963 1741 1030 1813 sibi
1063 1741 1319 1814 defendebant.
1350 1745 1476 1812 Hostes

392 1860 517 1930 mortis
535 1859 737 1958 periculum
750 1885 879 1957 urgere
889 1859 1070 1950 videntes,
1087 1858 1298 1930 adversariis
1318 1856 1473 1948 cedunt,

391 1977 574 2074 vitamque
589 1975 767 2076 supplices
780 1990 919 2076 petunt.
944 1977 1037 2048 tussi
1057 1993 1223 2074 quoque,
1249 2000 1349 2048 arma
1366 1975 1477 2073 depo

392 2109 503 2184 nunt,
529 2109 565 2165 et
588 2093 758 2166 reddunt.
785 2095 982 2191 Statimque
1004 2119 1026 2164 a
1043 2119 1126 2190 rege
1145 2092 1331 2165 decretum
1354 2093 1474 2183 exivit,

393 2195 514 2283 hostes
536 2211 614 2283 sine
635 2209 754 2307 aliqua
775 2209 920 2283 ultionis
936 2211 1067 2306 injuria
1096 2208 1474 2309 comprehendendos,

392 2353 436 2400 ac
455 2328 573 2400 illesos
592 2327 921 2399 sibi‘adducendos.
941 2327 1202 2427 Comprehensi
1222 2327 1359 2424 itaque,
1383 2328 1478 2399 iner-

394 2471 471 2518 mes
483 2470 526 2518 ac
537 2445 751 2544 indempnes
765 2461 893 2544 praeter
904 2446 994 2516 ictus
1006 2469 1099 2541 quos
1114 2446 1151 2515 in
1163 2444 1307 2516 militari
1320 2443 1478 2518 tumultu

317 2573 318 2578 ’
395 2579 620 2668 acceperant,
636 2578 719 2635 ante
732 2587 853 2660 regern
865 2559 1011 2633 admissi
1023 2575 1117 2632 sunt.
1135 2561 1205 2647 Qui
1220 2555 1311 2658 regis
1323 2556 1477 2659 pedibus

395 2680 574 2772 advoluti,
606 2683 717 2755 vitam
747 2679 930 2778 petebant.
949 2683 1054 2772 ,Nam
1080 2679 1192 2774 regiae
1208 2677 1400 2773 majestatis
1426 2679 1478 2750 rei

396 2814 503 2895 atque
521 2799 697 2886 convicti,
720 2796 766 2868 de
784 2797 856 2867 vita
875 2795 1098 2868 diffidebant.

755 2979 757 2990 '
812 3005 816 3018 ‹
882 2993 984 3044 cvm.

447 3144 519 3212 Rex
534 3141 683 3218 victoria
701 3142 859 3238 potitus,
886 3140 1032 3237 Belgicae
1050 3140 1230 3238 principes
1245 3156 1388 3238 captos,
1408 3143 1480 3212 suis

399 3258 668 3360 custodiendos,
685 3257 798 3329 sedet
811 3282 971 3355 congruo
986 3272 1149 3356 tempore
1163 3256 1369 3329 reddendos
1383 3282 1481 3329 man·

398 3376 508 3447 davit.
535 3374 721 3472 Reliquam
740 3400 890 3446 manum
908 3372 1026 3480 redire
1046 3363 1218 3471 permisit.
1241 3363 1319 3473 lpse
1343 3375 1482 3446 Laudu·

398 3518 488 3564 num
512 3518 596 3564 curn
620 3493 775 3564 exercitu
798 3490 924 3581 rediit,
958 3491 1080 3588 ibique
1105 3493 1333 3591 procinctum
1360 3485 1477 3563 solvit.

399 3610 534 3682 Urbem
547 3609 751 3681 Virdunum
764 3634 879 3706 usque
891 3610 927 3682 in
943 3608 1040 3680 diem
1059 3609 1138 3681 vitae
1159 3610 1234 3708 ejus
1255 3633 1478 3708 supremum,

395 3727 533 3826 absque
560 3727 633 3798 ulla
653 3727 886 3826 refragatione
914 3727 1083 3798 obtinuit.
1113 3725 1335 3824 Disponebat
1356 3741 1481 3824 praete·

398 3861 478 3936 rea,
504 3843 691 3943 quomodo
715 3845 862 3917 ulterius
875 3843 1108 3943 procedendo
1123 3868 1279 3940 regnum
1301 3868 1408 3914 suum
1429 3842 1482 3913 di·

398 3963 543 4052 lataret,
577 3987 661 4033 cum
687 3987 743 4033 res
768 3987 839 4032 suae
866 3985 1070 4032 successum
1089 3960 1268 4059 optimum
1289 3959 1478 4049 baberent,

398 4080 734 4178 regniquelortuna
753 4105 818 4178 per
836 4094 960 4176 captos
980 4078 1149 4175 primates
1169 4075 1207 4147 id
1232 4069 1476 4176 persuaderet.

399 4197 471 4270 Sed
484 4198 658 4270 Divinitas
675 4222 731 4269 res
745 4195 946 4302 mundanas
968 4194 1231 4286 determinans,
1248 4209 1284 4268 et
1297 4192 1410 4291 Belgis
1423 4217 1480 4266 re·

399 4317 542 4417 quiem,
564 4329 600 4396 et
612 4315 696 4386 huic
710 4313 884 4413 regnandi
897 4311 1009 4388 finem
1026 4312 1137 4424 dedit.
