3324 5298
391 589 453 647 250
757 585 923 646 lllCHERl
944 585 1020 650 LlB.
1045 583 1099 648 IV.

393 747 412 786 ιι
433 716 651 816 etprodesse
663 718 776 816 possit
788 718 952 790 aecclesiae
965 719 1023 790 cui
1041 733 1185 791 actenus
1196 717 1363 817 indignus
1375 747 1464 820 prae-

391 863 410 902 «
430 835 492 906 fui.
518 839 562 905 Et
586 850 628 906 ut
656 833 741 906 inde
768 833 861 906 ultra
884 835 1021 908 nullam
1044 836 1294 933 repetitionem
1320 854 1382 910 aut
1405 841 1461 912 in·

302 937 303 942 ἵ
391 980 409 1019 ιι
430 951 729 1050 terpellationem,
751 951 958 1024 auctoritate
980 952 1152 1024 canonica
1169 951 1285 1024 facere
1303 953 1458 1047 valeam,

390 1097 409 1136 ιι
430 1091 539 1139 manu
553 1092 633 1140 mea
645 1068 789 1170 propria
808 1066 1032 1140 subscribens
1050 1065 1200 1139 firmavi.
1222 1071 1305 1155 Quo
1322 1069 1371 1140 ita
1382 1094 1462 1168 per·

391 1215 409 1252 ιι
430 1185 542 1276 lecto,
565 1185 615 1258 ita
635 1175 836 1284 subscripsi.
859 1181 933 1282 Ego
942 1177 1112 1257 ¹arnulfus
1125 1185 1311 1282 quondam
1331 1187 1461 1258 Remo·

391 1330 409 1369 ιι
430 1327 512 1372 rum
521 1301 808 1401 archiepiscopus
820 1302 1020 1400 subscripsi.
1037 1329 1056 1368 ιι
1068 1306 1215 1374 Necnon
1230 1317 1267 1373 et
1283 1283 1462 1376 adstantes

389 1418 547 1517 episcopi
563 1416 608 1489 ab
620 1443 664 1510 eo
682 1420 796 1516 rogati
813 1435 853 1490 ut
864 1417 1143 1510 subscriberent,
1157 1417 1459 1517 subscripserunt,

389 1548 495 1631 atque
515 1535 565 1605 sic
587 1534 621 1605 ei
637 1535 924 1633 responderunt:
944 1565 962 1604 ιι
979 1535 1185 1609 Secundum
1203 1533 1462 1634 professionem

395 1680 412 1718 ιι
434 1666 470 1722 et
487 1650 784 1749 subscriptionem
803 1667 902 1724 tuam
923 1675 1021 1724 cessa
1040 1651 1087 1724 ab
1106 1650 1237 1723 officio.
1256 1679 1274 1718 ιι
1294 1655 1379 1722 Post
1394 1650 1463 1723 hec

392 1768 604 1840 sacramenti
612 1767 692 1864 jure
700 1767 769 1839 hos
777 1768 839 1864 qui
846 1768 901 1838 sui
914 1769 1055 1840 fuerant
1062 1767 1232 1858 absolvit,
1243 1781 1350 1865 atque
1360 1767 1464 1840 liber·

393 1897 503 1955 tatem
521 1882 728 1956 transeundi
745 1884 783 1954 in
797 1883 856 1980 jus
870 1883 1013 1956 alterius
1030 1886 1144 1956 victus
1162 1885 1348 1956 concessit.

493 2103 623 2157 LXXIII.
633 2103 836 2174 -Depositio*
852 2103 976 2176 Adalgeri
989 2105 1180 2176 presbiteria*
1196 2103 1355 2176 gradibus*.

437 2266 534 2334 Dum
540 2231 608 2336 bec
620 2263 732 2337 multa
741 2263 1025 2336 consideratione
1037 2277 1256 2361 gererentur,
1271 2263 1462 2361 Adalgerus

390 2380 564 2480 presbiter
580 2407 624 2454 eo
643 2383 741 2482 quod
755 2381 1011 2454 communione
1029 2383 1187 2479 privatus
1199 2395 1318 2472 esset,
1338 2405 1462 2478 regum

388 2495 539 2596 pedibus
563 2498 930 2597 provolutussmulta
951 2500 1208 2597 conquestione
1230 2498 1459 2597 querebatur,

390 2617 635 2692 communioni
661 2632 788 2716 petens
811 2617 964 2706 restitui,
984 2616 1126 2715 parcius
1150 2615 1218 2688 sibi
1243 2615 1463 2688 inferendam

389 2757 577 2805 censuram
601 2747 715 2824 ratus,
740 2759 784 2805 eo
805 2732 905 2830 quod
922 2733 1040 2830 jussus
1064 2733 1213 2805 domino
1239 2731 1461 2832 obtempera-

389 2847 506 2920 visset.
531 2851 648 2935 Quem
664 2847 842 2942 Arnulfus,
860 2848 1119 2922 Aurelianensis
1137 2851 1341 2949 episcopus,
1361 2849 1463 2921 ador-

393 2994 412 3032 «
433 2990 513 3036 sus:
529 2969 623 3036 Num
634 2965 807 3062 quidnam
822 2994 839 3033 ιι
855 2966 972 3063 inquit
986 2996 1004 3034 ιι
1017 2965 1137 3062 juditii
1148 2981 1331 3065 expertem
1350 2981 1385 3038 te
1403 2981 1463 3037 tua

392 3110 411 3149 ιι
433 3079 587 3152 conficta
607 3080 717 3152 hodie
738 3081 889 3154 facient?
910 3083 1092 3181 Numquid
1120 3097 1158 3154 tu
1183 3107 1221 3155 es
1244 3083 1306 3180 qui
1331 3078 1461 3153 Karolo

391 3228 410 3267 ιι
431 3213 553 3298 portas
570 3199 757 3296 aperuisti,
774 3215 809 3271 et
820 3199 996 3271 hostiliter
1009 3200 1171 3294 cumfillo
1183 3215 1305 3271 sancta
1323 3212 1460 3271 sancto·

390 3345 409 3384 ιι
430 3341 512 3388 rum
532 3315 710 3413 ingressus
731 3316 793 3387 es?
808 3315 991 3412 Numquid
1004 3331 1044 3387 tu
1058 3341 1096 3388 es
1117 3317 1180 3414 qui
1199 3314 1460 3390 adolescentem

392 3462 410 3502 ιι
431 3457 515 3505 cum
523 3433 754 3504 tuisimilibus
763 3432 972 3532 perdidisti?
983 3430 1427 3522 Confitereinfandissimel
1440 3459 1457 3498 ιι

390 3554 472 3637 Quo
492 3550 759 3649 respondente:
787 3579 805 3618 ιι
822 3554 956 3648 Negare
976 3574 1051 3621 non
1071 3574 1236 3648 possum,
1254 3578 1271 3616 ιι
1299 3548 1357 3620 ille
1378 3572 1460 3619 mox

388 3683 599 3766 prosecutus
622 3695 630 3738 ε
661 3672 748 3740 «An
776 3667 858 3740 ideo
875 3696 893 3735 ιι
921 3668 1036 3767 inquit
1062 3665 1343 3740 «communioni
1366 3664 1462 3738 resti·

391 3814 409 3853 ιι
431 3785 586 3857 tuendus
599 3809 658 3874 es,
674 3800 715 3856 ut
734 3785 883 3858 domino
902 3799 965 3857 tuo
983 3784 1145 3882 lugente,
1161 3799 1201 3855 tu
1213 3780 1460 3855 nefandissime

392 3931 410 3971 ιι
432 3900 568 3973 rideas?
586 3929 604 3968 ιι
633 3900 791 3986 Tandem
812 3901 997 3975 decretum
1018 3903 1072 3973 est'
1086 3900 1244 3973 duorum
1262 3900 1460 3970 incommo-

389 4016 520 4090 dorum
533 4015 741 4093 utrumlibet
758 4016 804 4088 ab
817 4041 862 4089 eo
883 4015 981 4114 eligi,
1003 4032 1065 4089 aut
1083 4041 1105 4088 a
1126 4014 1292 4114 gradibus
1309 4010 1457 4111 deponi,

390 4150 450 4207 aut
467 4149 642 4234 perpetuo
660 4134 884 4208 anathemate
903 4136 1027 4209 teneri.
1049 4135 1120 4222 Qui
1139 4132 1236 4232 apud
1256 4158 1294 4206 se
1311 4131 1461 4232 plurima

425 4342 556 4413 *Dep,a
574 4361 620 4412 gra
638 4343 741 4396 absciso.
