3324 5298
398 531 459 592 276
761 527 927 590 IllCHElll
951 527 1024 588 LIB.
1046 529 1100 588 tv.

396 663 541 738 faciunt.
564 669 636 737 Nec
655 664 773 736 minus
796 663 1059 738 Flandrenses¹
1090 665 1251 756 accersit,
1281 665 1328 737 ab
1349 667 1471 764 eisque

395 781 543 854 tutelam
565 781 680 881 petiit,
702 781 819 853 vicem
839 781 1025 880 pollicens,
1050 782 1080 853 si
1097 781 1197 879 quod
1212 783 1302 882 petit
1318 806 1394 854 non
1411 783 1471 856 ab·

394 917 518 974 nuant.
547 898 600 970 llli
625 923 770 997 quoque
796 900 917 971 animo
944 897 1080 970 liberali
1102 900 1240 996 quesita
1265 923 1470 972 accommo-

393 1015 493 1092 dant.
525 1017 649 1088 Piratis
672 1017 779 1088 etiam
806 1016 940 1113 legatos
964 1015 1140 1114 dirigens,¹
1162 1018 1283 1117 copias
1305 1017 1372 1088 sibi
1391 1043 1468 1090 non

391 1135 513 1230 negari
526 1133 699 1232 deposcit.
717 1133 871 1232 Tempus
885 1148 920 1205 et
931 1132 1032 1205 locus
1043 1133 1214 1206 omnibus
1226 1135 1464 1226 constituitur,

389 1275 463 1348 quo
482 1250 622 1322 collecti
643 1259 719 1322 sese
741 1251 939 1322 conferant.
962 1250 1044 1322 Odo
1067 1251 1209 1321 interim
1232 1274 1317 1321 suos
1334 1249 1463 1350 placat,

389 1367 521 1465 colligit
538 1383 574 1440 et
592 1368 732 1451 incitat,
756 1377 923 1466 ratusque
946 1366 1069 1464 Belgas
1090 1359 1125 1438 et
1142 1367 1272 1464 piratas
1291 1369 1467 1466 tempesti-

386 1510 464 1578 vos,
480 1510 563 1557 cum
581 1510 728 1556 suorum
749 1467 873 1583 paucis
892 1498 991 1556 tanta
1015 1484 1193 1578 celeritate
1216 1484 1252 1554 in
1271 1483 1465 1556 Fulconem

297 1605 305 1628 ²
389 1602 511 1686 fertur,
530 1616 568 1673 ut
582 1603 618 1672 in
641 1603 835 1674 certamine
852 1601 1101 1699 plusquatuor
1123 1599 1266 1672 milibus
1290 1616 1465 1702 pugnato·

385 1743 466 1789 rum
480 1742 553 1789 non
575 1717 734 1788 haberet.
761 1720 885 1788 Castro
908 1730 1028 1788 tamen
1050 1714 1276 1787 obsidionem
1302 1715 1460 1805 adhibet,

384 1833 641 1930 armiferosque
659 1831 839 1930 disponit,
862 1847 1060 1918 castrenses
1073 1831 1187 1904 multo
1208 1849 1339 1904 conatu
1361 1832 1462 1905 adur-

385 1965 454 2053 gep.

535 2113 654 2165 XCI.·-
665 2095 788 2164 Fulconis
805 2101 986 2182 supplicatio*
1003 2099 1093 2167 Orlcni
1109 2130 1157 2182 per
1172 2107 1303 2182 legatos*.
1385 2076 1395 2097 i

432 2268 540 2341 Fulco
558 2283 679 2367 regem
692 2282 894 2340 morantem
907 2293 982 2339 non
1001 2267 1264 2359 auxiliaturum,
1282 2269 1461 2342 etouonis

383 2388 578 2464 exercitum
596 2384 857 2459 intolerabilem
883 2401 993 2475 ratus,
1015 2387 1207 2457 remissiori
1231 2411 1315 2458 mox
1328 2388 1460 2459 animo

382 2503 525 2607 habitus
544 2516 613 2575 est.
644 2508 767 2601 ltaque
785 2527 850 2602 per
874 2502 1009 2600 legatos
1028 2503 1170 2575 Odonis
1182 2505 1383 2590 amicitiam
1407 2530 1460 2576 ex·

383 2622 490 2719 petit,
507 2646 574 2721 pro
587 2621 726 2716 Gonani
739 2621 885 2690 interitu
897 2631 1042 2690 centum
1062 2618 1187 2717 pondo
1206 2620 1218 2656 ²
1236 2623 1372 2724 argenti
1386 2646 1460 2694 sese

384 2741 632 2840 impensurum
661 2738 827 2827 mandat,
856 2735 938 2808 loco
969 2736 1089 2807 militis
1116 2737 1318 2828 interfecti,
1348 2737 1460 2809 filium

385 2881 490 2928 suum
508 2879 576 2954 pro
598 2879 641 2925 eo
669 2851 902 2946 mililaturum
922 2853 1042 2944 offert3
1070 2870 1226 2925 castrum
1246 2870 1460 2952 exstructum

386 2973 519 3068 inejus
543 2961 684 3054 bonore
705 2969 782 3041 sese
807 2995 1028 3060 eversurum,
1058 2985 1204 3067 atquea
1226 2973 1298 3042 suis
1313 2997 1462 3056 ,evacua-

386 3075 527 3179 turum{
541 3104 624 3160 'sese
643 3112 789 3186 quoque
808 3088 839 3160 ei
862 3102 990 3186 sponte
1009 3087 1256 3179 militaturum,
1278 3089 1308 3160 si
1329 3090 1368 3161 id
1389 3091 1461 3188 regi

385 3207 598 3304 injuriosum
611 3229 686 3275 non
705 3204 808 3276 foret.
834 3203 950 3292 Quod·
964 3205 1047 3300 quia
1072 3203 1205 3302 absque
1228 3205 1319 3302 regis
1336 3205 1463 3302 injuria

387 3324 464 3398 fieri
486 3348 560 3405 non
579 3334 738 3420 poterat,
767 3321 842 3417 ejus
863 3320 937 3394 filio
960 3345 1088 3392 manus
1109 3347 1175 3421 per
1201 3338 1461 3396 sacramentum

388 3441 507 3531 daret;
526 3441 646 3536 itaque
668 3437 781 3527 lieret,
803 3450 848 3508 ut·
863 3436 940 3536 ipse
957 3461 1041 3532 cum
1061 3452 1146 3514 nato
1169 3438 1359 3542 militarpt,
1379 3465 1462 3539 cum

388 3558 503 3656 filium
524 3582 630 3628 suum
652 3555 774 3627 Odoni
786 3579 854 3654 pro
872 3558 1021 3626 Conano
1044 3555 1157 3648 daret,
1182 3567 1217 3630 et
1235 3583 1312 3630 sese
1324 3559 1463 3662 ‚Qdonis

390 3674 464 3746 lilio
479 3673 690 3746 militaturos
710 3671 962 3745 committeret.
984 3676 1160 3751 Daturum
1178 3653 1461 3756 secliam'fiilem

391 3803 614 3865 sacramento
638 3803 765 3860 contra
787 3787 952 3868 omnium
971 3810 1132 3879 causam,
1159 3804 1286 3888 praeter
1308 3790 1402 3890 regis
1429 3772 1463 3862 el

390 3909 522 3980 horum
543 3905 673 4006 quibus
690 3905 833 4006 speciali
850 3907 1155 4008 consanguinitate
1168 3901 1283 3980 carius
1302 3907 1462 3982 addictus

427 4139 442 4173 *
460 4136 561 4210 suppli,
579 4147 668 4206 egatos
681 4132 785 4186 abscisa.

424 4225 433 4258 ¹
453 4220 618 4276 frandrenses
628 4238 690 4272 corr.
704 4217 862 4272 flandrenses
873 4216 958 4271 codes.

421 4305 477 4372 'c‘
488 4304 516 4390 p-
528 4315 616 4369 codes.
